1617 2963
182 192 263 260 IN
300 191 472 238 LOC.
522 190 649 238 LIB.
696 191 937 237 CXXXIII
990 191 1133 252 LIV.
1248 207 1330 253 123

58 299 292 348 Antonium,
321 311 368 338 ex
397 297 532 348 proelio
554 296 782 346 profugum,
804 298 907 348 figno
932 298 1036 337 navis
1064 299 1214 337 eminus
1245 309 1336 336 con-

60 361 211 411 specto,
240 361 443 411 Cleopatra
470 358 655 405 noscens,
683 357 852 398 inhibuit
884 360 1061 410 cursum3
1088 360 1212 400 donec
1234 359 1338 410 regia

59 423 235 473 praetoria
262 423 480 461 venientem
502 420 704 471 acciperet.
746 420 1056 473 transcenditque
1077 422 1140 461 ille
1154 454 1165 471 ,
1189 434 1261 461 nec
1283 421 1343 460 vi-

62 487 152 526 dere
188 486 360 536 reginam
393 484 599 532 sustinens,
623 496 695 522 nec
737 483 784 522 ab
814 497 858 523 ea
888 486 1017 526 videri.
1054 487 1190 525 tacitus
1215 487 1249 524 δι
1275 496 1341 522 co-

60 546 315 597 gitabundus,
353 546 508 586 suffulto
539 546 716 585 manibus
751 546 901 596 capite,
941 547 982 586 in
1015 561 1127 598 prora
1158 545 1340 592 sedebat;

61 608 188 646 donec
210 608 259 647 ad
282 607 490 647 tumultum
513 606 825 657 persequentium
850 606 1012 646 navibus
1036 608 1243 658 circumagi
1265 605 1344 656 jus-

61 669 129 718 fis,
157 678 303 709 ceteros
328 669 433 708 haud
463 682 559 719 aegre
583 668 797 708 submovit:
827 669 934 708 navis
965 682 1040 708 una
1063 670 1344 719 perseveranter

61 728 246 781 instabat,
271 733 379 781 cujus
399 731 438 770 in
461 731 634 770 tabulato
655 731 810 781 quidam
836 731 1108 771 minitabundo
1133 732 1234 782 gestu
1261 731 1345 770 lan-

63 807 169 832 ceam
196 793 350 834 vibrans
386 794 591 833 eminebat.
629 794 660 832 is
682 794 930 845 interroganti
962 794 1157 842 Antonio,
1193 807 1232 832 tu
1264 794 1343 846 quis

66 870 126 904 es,
152 857 349 894 Antonium
374 857 432 907 qui
456 856 697 908 perfiqueris?
723 856 922 907 Eurycles‚
948 855 1285 905 inquit,Lachar1·s
1299 855 1348 904 fi-

61 917 134 956 lius
149 949 160 966 ‚
187 920 304 967 cho,
336 918 480 971 Caesaris
494 917 645 970 fhrtuna
663 930 798 955 mortem
817 917 934 968 patris
951 918 1016 956 mei
1043 917 1231 967 persequor.
1252 928 1343 954 eum

62 979 164 1018 enim
190 980 380 1019 Antonius
402 978 593 1017 latrocinii
619 978 779 1017 crimine
807 977 926 1016 securi
948 977 1191 1028 percusserat.

118 1048 225 1089 XIII.
261 1049 397 1099 Neque
429 1055 560 1087 tamen
591 1048 830 1098 praetoriam,
861 1048 901 1086 in
933 1061 1008 1097 qua
1034 1056 1117 1086 tum
1155 1047 1343 1088 Antonius

60 1121 162 1157 erat,
189 1110 252 1150 sed
278 1109 436 1149 alteram
466 1109 601 1163 (binas
626 1109 821 1158 habebat)
847 1110 1000 1150 invafit:
1037 1123 1157 1160 eaque
1173 1142 1184 1160 ‚
1209 1112 1244 1150 ὃς
1267 1109 1341 1148 alia

61 1170 250 1220 quadam,
290 1184 374 1221 quae
412 1170 616 1221 pretiosam
653 1170 928 1221 supellectilem
959 1171 1151 1220 vehebat,
1185 1171 1347 1222 abrepta

61 1232 219 1275 receffit.
249 1234 350 1274 Tum
372 1235 513 1273 iterum
535 1233 648 1284 priori
671 1234 826 1273 tristitiae
854 1234 1028 1272 redditus
1052 1233 1239 1273 Antonius
1254 1262 1265 1280 ,
1280 1234 1346 1270 tri-

63 1294 185 1334 duum
214 1295 314 1335 solus
339 1297 468 1347 exegit
491 1297 529 1335 in
554 1309 690 1346 prora,
716 1296 790 1335 five
817 1296 983 1335 offensus
1008 1295 1246 1346 Cleopatrae‚
1270 1295 1344 1333 sive

63 1357 214 1407 pudore
243 1357 364 1397 visum
389 1357 695 1409 subterfugien83
730 1358 855 1397 donec
888 1359 936 1396 ad
963 1358 1164 1399 Taenarum
1197 1356 1346 1407 proces-

63 1417 147 1458 sum
172 1419 234 1459 est.
268 1419 327 1460 Ibi
361 1420 519 1459 demum
549 1433 666 1471 opera
704 1420 908 1460 mulierum
932 1419 1148 1471 colloquio,
1186 1422 1221 1460 ἃ
1252 1431 1347 1458 mox

65 1481 203 1522 mensae
236 1482 413 1534 lectoque
450 1485 650 1523 communi
682 1484 832 1523 admoti
871 1482 969 1522 sunt.
1005 1482 1092 1530 Jam
1130 1482 1343 1522 amicorum

60 1545 238 1584 nonnulli
267 1558 357 1585 cum
388 1545 569 1584 onerariis
594 1544 731 1584 multis
756 1545 805 1583 ad
832 1557 919 1583 eum
946 1552 1226 1594 pervenerant,
1257 1543 1346 1581 mari

62 1621 116 1645 res
142 1610 323 1662 perditas,
351 1609 535 1661 pedestrem
569 1608 752 1647 exercitum
780 1608 818 1645 in
855 1607 968 1663 officio
1000 1606 1085 1659 este,
1110 1606 1342 1645 nuntiantes.

65 1667 186 1707 Miffis
219 1668 360 1719 igitur,
399 1668 463 1718 qui
500 1669 683 1707 Canidiam
715 1682 789 1707 cum
823 1667 1015 1719 legionibus
1042 1666 1077 1704 ὃ»
1103 1668 1259 1718 equitatu
1285 1681 1348 1719 per

63 1731 314 1768 Macedoniam
340 1731 377 1768 in
399 1731 520 1780 Afiam
541 1744 722 1783 properare
750 1729 952 1778 juberent,
985 1743 1108 1768 navem
1129 1728 1248 1767 multa
1274 1741 1343 1778 pe·

63 1790 175 1830 cunia
206 1792 388 1841 regioque
417 1790 667 1830 instrumento
697 1790 871 1830 onustam
896 1791 984 1828 inter
1000 1791 1040 1843 ft
1063 1791 1216 1829 dividere
1246 1791 1341 1829 ami-

64 1863 129 1890 cos
148 1851 271 1900 jussit,
292 1852 472 1904 [almique
490 1854 565 1904 fitae
583 1852 783 1905 prospicere.

118 1921 222 1961 XIV.
259 1921 344 1961 Nec
377 1921 482 1960 defiit
505 1921 713 1966 restitantes
740 1934 786 1962 ac
815 1923 974 1971 flentes,
1000 1921 1131 1962 solatia
1152 1924 1187 1962 ὃς
1209 1933 1341 1973 preces

61 1984 226 2023 miscens
240 2014 250 2031 ‚
267 1996 400 2035 urgere
412 2016 423 2034 ,
439 1985 562 2024 donec
578 1984 838 2026 discederent:
859 1986 1000 2037 eosque
1018 1985 1239 2036 Theophilo
1254 1998 1338 2036 pro-

64 2048 226 2086 curatori
253 2046 342 2096 suo,
375 2048 441 2097 qui
469 2047 644 2087 Corinthi
670 2046 925 2096 remanserat,
962 2047 1276 2094 commendavit,
1299 2053 1341 2084 ut

61 2121 127 2146 eos
156 2107 334 2158 tantisper
356 2107 628 2157 absconderet,
655 2109 780 2148 donec
806 2108 984 2159 placandi
1006 2108 1157 2148 Caesaris
1182 2107 1339 2158 reperis-

63 2170 146 2210 sent
165 2171 278 2209 viam.
306 2170 442 2218 Pauci,
458 2171 592 2222 fugiffe
612 2171 818 2211 Antonium
832 2201 843 2220 ‚
863 2170 1078 2210 senserant:
1102 2183 1226 2221 neque
1250 2168 1342 2207 faci-

63 2231 100 2270 le
129 2239 208 2271 erat
238 2233 418 2278 credere,
451 2244 618 2273 veterem
647 2234 942 2284 imperatorem,
973 2236 1009 2274 ἃ
1043 2234 1146 2272 vices
1176 2233 1338 2271 fortunae

62 2294 167 2334 haud
202 2293 318 2334 semel
349 2305 545 2345 expertum
566 2324 579 2341 ‚
611 2295 748 2336 relictis
780 2297 936 2347 integris
965 2296 1184 2346 legionibus
1218 2294 1340 2333 unde-

61 2356 219 2408 viginti,
250 2355 417 2396 millibus
454 2358 628 2408 equitum
658 2358 893 2409 duodecim,
931 2358 971 2398 in
998 2360 1088 2410 fuga
1123 2357 1337 2409 praefidium

105 2491 129 2536 5
152 2491 228 2525 ΧΠ.
253 2492 332 2526 Dio,
356 2492 443 2527 mut,
470 2493 501 2525 ir!
532 2493 654 2528 Anton.
678 2506 706 2527 e.
727 2493 779 2527 86,
808 2493 830 2538 g
856 2493 944 2527 xm.
967 2493 1046 2527 Dio.
