1617 2963
147 182 243 228 ‘IN
291 181 452 228 LOC.
494 181 632 225 LIB.
684 177 937 225 CXXXVI
986 178 1130 223 LIV.
1230 192 1322 236 249

59 290 100 329 L.
129 289 168 329 F.
200 289 436 328 consulatum
474 285 690 336 gesserunt,
729 285 933 335 Agrippam
972 283 1253 335 propemodum
1287 284 1328 320 in

58 365 126 402 par
153 351 285 391 Caesari
321 350 507 399 fastigium
536 355 732 396 receptum
758 345 804 384 ab
837 347 916 396 ipso
940 347 1047 386 vidit.
1076 346 1231 396 Quippe
1257 347 1332 384 Au-

57 413 182 463 gustus
214 414 254 452 in
287 413 434 462 optimo
463 409 653 460 proposito
698 408 949 449 reformandae,
991 408 1208 459 reipublicae
1246 407 1334 446 insi-

59 474 140 512 dias
175 476 336 521 timens,
367 481 407 511 ut
443 472 490 511 ab
531 471 588 509 his
615 470 705 509 esset:
733 470 980 510 ostentatione
1011 473 1130 521 parati
1162 471 1328 510 vindicis

57 534 199 580 tutio'r,
234 534 443 584 Agrippam
477 531 680 570 tribunitiae
717 532 914 580 potestatis
942 532 1128 582 collegam
1159 532 1336 571 declara·-

57 595 113 630 vit
137 594 176 630 in
204 592 516 642 quinquennium.
546 599 604 629 tot
633 590 733 628 enim
763 602 883 628 annos
906 590 1075 630 sufficere
1108 591 1329 630 diGtitabat:

57 667 145 695 cum
179 657 339 694 eandem
374 650 597 704 ‘potestatem
626 665 692 702 per
719 653 949 691 decennium
975 654 1050 698 iam
1078 653 1273 701 tenuiss'et3
1293 656 1330 692 Sc.

57 716 184 766 elapso
207 717 282 755 hoc
302 728 453 766 quoque
476 714 756 765 quinquennio,
788 714 829 754 in
853 713 958 754 aliud
990 715 1219 753 decennium
1240 713 1332 753 effer

58 788 296 827 accepturus.

137 840 344 879 XXXVII.
393 839 495 879 Tum
537 845 666 877 autem
716 836 934 887 ingentibus
977 837 1074 876 curis
1113 835 1333 883 districtus,

59 903 389 952 quemadmodum
429 901 520 939 citra
544 899 755 950 periculum
789 912 987 950 repurgare
1021 899 1165 937 curiam
1194 896 1332 947 postet,

57 975 146 1001 cum
193 963 358 1012 Agrippa
393 962 568 1012 agitabat.
609 962 708 1001 Nam
738 962 772 999 ἃ
807 973 1007 998 numerum
1041 958 1139 1008 justo
1173 957 1331 1007 putabat

58 1023 284 1073 ampliorem
309 1023 401 1070 effe,
434 1026 467 1062 δι
494 1036 570 1061 non
602 1031 748 1061 tantum
772 1022 927 1060 infamia
951 1021 1126 1059 vitiorum
1149 1019 1330 1065 obrutos,

57 1083 124 1123 sed
156 1085 269 1123 etiam
298 1084 518 1124 adulatione
542 1082 743 1130 onerosos,
772 1084 913 1121 oderat.
951 1084 1000 1122 At
1025 1089 1105 1120 erat
1129 1092 1185 1118 res
1210 1077 1332 1118 offen·

57 1147 206 1185 fionum
232 1146 362 1197 plena3
382 1159 494 1185 nemo
519 1146 643 1192 enim,
671 1145 763 1182 sicut
789 1144 932 1183 factum
955 1154 1031 1184 erat
1054 1145 1182 1194 prius,
1199 1141 1331 1192 sponte

58 1208 243 1249 cedebat:
272 1211 306 1248 δε
333 1217 390 1247 tot
414 1207 520 1248 fimul
558 1207 688 1246 senatu
723 1208 999 1246 movendorum
1026 1207 1207 1245 invidiam
1230 1204 1332 1245 susti-

57 1283 172 1318 nere,
196 1271 260 1309 nifi
292 1270 460 1320 pluribus
492 1270 627 1318 sociis,
652 1271 911 1310 cunctabatur.
951 1269 1123 1309 Tandem
1156 1280 1199 1306 ea
1235 1269 1329 1305 ratio

56 1331 226 1383 placuit,
258 1341 300 1371 ut
325 1345 371 1372 ex
399 1330 575 1372 omnibus
609 1333 763 1382 triginta
796 1333 895 1371 viros
926 1334 1094 1382 optimos
1129 1329 1207 1381 ipse
1236 1329 1330 1368 deli-

57 1404 162 1446 geret
197 1397 371 1446 juratus:
398 1395 461 1445 qui
496 1396 638 1434 deinde
670 1395 781 1443 jurati
814 1397 848 1434 Sc
883 1395 948 1444 ipsi
976 1394 1182 1432 scriberent
1209 1394 1247 1430 in
1274 1404 1333 1430 ta·

59 1456 160 1499 bella
195 1456 346 1495 seorsim
380 1455 514 1506 singuli
552 1456 719 1505 quinque
758 1454 918 1494 aliorum
948 1454 1121 1501 nomina,
1157 1465 1250 1502 quos
1276 1453 1333 1491 di-

57 1531 152 1568 gnos
173 1531 218 1557 eo
243 1519 377 1557 ordine
414 1516 634 1557 censerent:
658 1529 706 1555 ne
737 1527 866 1556 tamen
888 1517 986 1555 inter
1010 1528 1074 1554 eos
1103 1514 1329 1553 neceffarius

59 1579 254 1630 quisquam
295 1578 493 1618 scribentis
522 1578 621 1618 effer.
651 1579 737 1619 Hoc
766 1579 832 1619 ubi
861 1578 1004 1618 factum
1029 1577 1102 1625 est,
1133 1589 1178 1615 ex
1211 1577 1332 1626 singu-

58 1639 105 1678 lis
140 1640 319 1690 quinariis
354 1653 473 1679 unum
509 1639 604 1678 sorte
639 1640 770 1686 duxit,
803 1641 869 1690 qui
904 1641 938 1679 &
963 1638 1111 1677 senator
1146 1636 1260 1683 esset,
1292 1638 1330 1676 ὃς

61 1700 156 1740 alios
193 1703 387 1752 quinque,
416 1702 578 1750 iisdem,
612 1710 653 1741 ut
678 1702 818 1753 priores
846 1701 921 1750 illi,
942 1700 1088 1752 legibus
1121 1701 1161 1739 in
1192 1698 1333 1739 tabella

58 1772 286 1802 nominaret.

109 1820 339 1862 XXXVIII.
370 1821 418 1861 Et
443 1828 662 1871 oportuerat
685 1823 838 1872 quidem
863 1821 1017 1872 triginta
1043 1820 1141 1868 effe,
1161 1828 1243 1858 tum
1261 1821 1327 1869 qui

57 1881 168 1932 primi
202 1880 358 1923 tabellas
389 1892 638 1932 acceperant,
675 1892 755 1921 turn
797 1884 911 1922 etiam
946 1884 1009 1932 qui
1047 1882 1144 1920 sorte
1179 1883 1330 1921 fuerant

56 1943 215 1984 educ'tiz¹
235 1940 300 1985 sed
325 1954 413 1983 cum
435 1956 482 1983 ex
507 1953 667 1995 utroque
687 1958 845 1984 numero
870 1957 1026 1994 peregre
1049 1943 1237 1991 abessent,
1261 1940 1328 1981 alii

56 2004 194 2045 delecti
219 2003 326 2052 sunt,
354 2006 418 2055 qui
438 2018 571 2047 eorum
599 2006 720 2046 vicem
749 2007 1010 2056 fungerentur.
1053 2007 1139 2045 Hoc
1166 2017 1252 2043 cum
1276 2004 1326 2044 ad

56 2064 204 2117 aliquot
239 2065 319 2104 dies
350 2065 494 2105 factum
525 2065 639 2114 estet,
673 2066 882 2117 suspicione
915 2066 1056 2105 fraudis
1093 2076 1219 2104 motus
1243 2064 1326 2104 Cae„

55 2124 137 2173 sar,
168 2137 290 2174 neque
324 2125 468 2164 tabulas
506 2126 602 2166 ultra
632 2139 751 2175 penes
774 2126 969 2175 quaestores
996 2125 1068 2164 effe
1091 2124 1235 2175 paffus,
1262 2137 1327 2162 ne-

56 2199 130 2236 que
165 2185 263 2226 sorte
294 2185 378 2226 usus
410 2187 484 2235 est3
524 2188 588 2227 sed
622 2188 687 2226 suo
723 2200 766 2226 ac
796 2188 968 2238 Agrippae
1001 2188 1146 2236 judicio
1177 2194 1323 2224 ceteros

55 2247 209 2299 allegit,
238 2248 362 2287 donec
398 2247 565 2288 sexcenti
601 2249 846 2289 efficerentur.
889 2249 1096 2288 Trecentos
1121 2246 1321 2293 maluisset,

54 2318 99 2351 ut
127 2310 261 2351 veteris
285 2308 502 2359 reipublicae
529 2309 670 2359 species
702 2310 935 2350 redderetun
960 2309 1022 2348 sed
1056 2321 1133 2347 non
1158 2307 1323 2346 audebat

55 2381 114 2414 tot
146 2372 364 2423 offendere,
405 2373 513 2414 bonis
557 2386 710 2425 quoque
752 2376 794 2414 in
826 2384 970 2420 metum
1008 2371 1267 2419 adducendis,
1294 2370 1319 2409 s1

95 2489 119 2541 ᾗ
147 2489 302 2528 XXXVI..
328 2491 467 2528 Sueten.
490 2493 521 2525 {n
549 2494 634 2539 Aug.
659 2505 687 2532 c.
708 2494 762 2539 38,
