1617 2963
244 233 324 279 IN
376 232 547 279 LOC.
594 231 730 277 LIB.
780 230 963 277 CXXX
1017 231 1153 278 LIV.
1280 245 1338 292 51³

55 339 102 378 tis
118 368 128 386 ‚
152 336 363 388 praeberet:
389 337 441 375 ita
469 334 639 374 lunatam
659 334 906 374 barbarorum
943 336 1064 375 aciem
1095 338 1340 388 praeteriens‚

53 402 257 452 imperavit
294 400 436 450 equiti,
460 398 568 449 fimul
603 398 911 447 animadverteret,
948 411 1017 438 tam
1045 415 1149 453 prqpe
1178 401 1341 454 accffffie

44 466 151 516 signa
174 464 370 516 legionum,
402 473 441 499 ut
467 459 586 512 inferri
612 460 648 496 in
679 460 801 512 hostem
830 462 990 513 poſjent,
1018 464 1172 501 inveaus
1198 463 1339 516 ,flzcerec

53 525 181 562 initum
207 524 339 576 proelio.
363 524 409 562 At
430 520 579 568 Parthi,
603 519 794 570 stupentes
819 520 1060 572 speciaculm
1090 523 1339 574 disciplinam

55 583 221 624 Romani
260 583 392 622 militis
426 579 738 628 considerabant,
777 579 930 619 servatis
972 586 1106 623 exacte
1141 585 1342 625 ordinibus

55 648 342 697 praetereuntis,
378 647 412 684 &
436 656 525 683 cum
544 642 693 681 silentio
718 643 928 692 quatientis
952 644 1051 693 pila:
1093 659 1181 686 cum
1215 648 1341 687 subito

58 723 149 751 cum
179 711 347 750 clamore
374 709 509 759 irrupit
535 720 649 758 eques
666 737 677 756 ,
703 709 739 746 ἃ
762 706 870 745 usum
898 720 1055 747 arcuum
1080 724 1241 764 propere
1264 711 1349 763 sug-

58 771 200 823 gressus
222 770 386 811 abstulit.
419 768 706 820 Repugnabant
733 777 886 809 tamen:
926 769 991 809 sed
1019 772 1086 810 ubi
1115 775 1150 812 ὃς
1175 775 1350 816 fundito.

57 847 142 884 res,
173 833 398 874 violentiore
423 834 502 872 it‘tu
540 834 576 872 &
606 832 761 882 longius
800 832 1067 884 pertingente,
1108 849 1222 885 quam
1256 838 1349 877 Par-
1407 826 1416 833 ’

59 896 174 935 thicae
202 895 346 946 sagittae
372 894 543 946 possent,
571 892 857 942 incubuerunt,
892 896 927 934 &
966 894 1138 946 legiones
1176 897 1348 939 clamore

58 956 332 1007 scutorumque
369 957 523 1007 strepitu
562 954 727 993 hostium
765 965 1029 995 exterruerunt
1055 969 1199 1006 equos;
1232 960 1352 1009 prius-

60 1032 176 1069 quam
216 1020 265 1058 ad
302 1030 440 1058 manus
475 1017 606 1058 venire
642 1015 753 1055 miles
792 1016 939 1067 posset,
980 1015 1113 1057 solutis
1150 1018 1352 1057 ordinibus

60 1081 251 1121 abierunt.

115 1146 200 1187 VII.
233 1145 290 1186 Ibi
322 1160 504 1198 magnam
535 1151 575 1185 in
604 1151 712 1197 spem
746 1148 942 1186 Antonius
970 1149 1099 1193 venit,
1126 1148 1232 1196 posse
1268 1163 1357 1200 pro·

62 1203 186 1254 fligari
216 1200 388 1248 bellum,
420 1204 444 1241 fi
475 1205 710 1250 rugientmus
742 1208 954 1238 mltaretur.
989 1206 1038 1239 At
1068 1208 1133 1240 ubi
1158 1211 1206 1241 ad
1231 1214 1355 1251 morin,

64 1274 200 1317 gentos
230 1263 356 1315 passus
382 1263 574 1302 insecutus
598 1263 739 1313 pedeS,
763 1261 931 1313 &triplo
960 1261 1083 1313 spatio
1105 1277 1221 1314 eques
1236 1296 1249 1312 ‚
1273 1280 1355 1307 non

64 1327 166 1366 ultra
187 1327 341 1376 triginta
365 1327 468 1365 viros
492 1324 631 1375 cepisse
647 1355 658 1373 ‚
684 1337 757 1364 nec
776 1324 957 1364 occidisse
979 1323 1088 1376 pius,
1112 1340 1227 1376 quam
1250 1331 1359 1368 ocsto.

67 1391 173 1441 ginta
188 1420 201 1437 ,
216 1399 412 1436 cerneret3
438 1389 562 1438 gravis
579 1387 727 1426 incessit
743 1387 922 1427 omnibus
940 1387 1161 1428 sollicitudo
1179 1420 1190 1437 ,
1213 1390 1238 1429 fi
1267 1393 1357 1441 qui-¹

69 1452 161 1491 dem
189 1452 354 1490 victores
386 1449 582 1489 tantillum
617 1449 756 1487 inferre
797 1449 1016 1488 detrimenti
1054 1450 1231 1501 possent,
1259 1455 1356 1495 vieti

67 1524 128 1555 tot
154 1516 374 1554 amitterent
410 1520 644 1551 armatorum
675 1511 808 1551 millia,
848 1511 938 1551 Dies
970 1512 1172 1562 insequens
1199 1515 1361 1566 Praaspa

69 1577 332 1629 repetentibus
359 1575 515 1614 eosdem
541 1574 691 1614 labores
717 1573 876 1630 attulit:
915 1576 950 1615 Sc
970 1576 1033 1614 vix
1059 1576 1216 1616 dimotis
1240 1577 1359 1617 hosti-

69 1640 166 1688 bus,
196 1639 243 1678 ad
276 1639 393 1678 castra
417 1638 481 1677 sua
514 1651 654 1687 magno
678 1650 766 1676 cum
795 1635 927 1677 labore
957 1638 1162 1678 redierunt.
1197 1639 1359 1682 Interim

73 1703 111 1741 ἃ
133 1699 293 1747 obsessi,
309 1700 513 1749 eruptione
534 1698 634 1737 facta
650 1728 661 1745 ‚
688 1697 839 1737 relictos
865 1697 916 1736 ad
943 1710 1058 1747 opera
1084 1699 1360 1748 turbaverant,

71 1775 328 1815 aggeremque
349 1762 610 1801 incenderant.
629 1761 750 1811 Igitur
763 1761 971 1808 Amorum,
991 1760 1103 1799 rebus
1125 1761 1270 1812 ubique
1294 1775 1366 1812 pa-

73 1839 160 1865 rum
190 1837 237 1864 ex
262 1833 352 1864 voto
380 1823 611 1870 fluentibus,
637 1822 799 1871 tristior,
822 1822 1032 1861 advocatos
1058 1823 1097 1861 in
1128 1825 1362 1866 concionem

73 1887 300 1927 severissima
322 1887 493 1926 oratione
518 1885 724 1937 castigavit.
757 1885 860 1937 Quid
881 1886 945 1924 hoc
967 1886 1011 1934 est
1026 1886 1188 1937 flagitii,
1211 1887 1364 1934 milites,

75 1951 226 2001 Inquit,
256 1962 320 1988 aut
345 1964 414 2001 qua
443 1949 607 1988 vecordia
641 1949 717 1994 aeli?
738 1960 872 1986 tantum
904 1948 1038 1986 militiae
1064 1949 1209 1986 dedecus
1243 1950 1366 1987 admi-

65 2014 192 2067 sistis?
223 2012 412 2065 ignaviam
441 2014 551 2066 vestra
581 2012 742 2064 fufium,
778 2028 825 2051 an
865 2027 946 2051 vero
975 2012 1188 2064 negligentia
1218 2014 1332 2052 dicam
1351 2043 1365 2061 ,

79 2074 174 2125 quod
200 2089 245 2112 ex
273 2075 400 2126 oppido
419 2088 520 2126 paene
549 2086 653 2126 capto
677 2073 777 2126 fizbla
799 2074 956 2126 eruptio,
985 2087 1087 2125 opera
1111 2074 1272 2127 incensu,
1298 2089 1368 2113 vos

81 2136 148 2188 ipsi
166 2152 188 2174 a
211 2137 401 2187 mollffmo
420 2150 539 2190 genere
564 2138 739 2176 hominum
749 2137 827 2190 fitfi
841 2136 1032 2190 fugatique
1055 2138 1165 2189 estis?

137 2207 240 2247 VIII.
272 2210 402 2247 Medos
420 2210 533 2257 enim,
546 2211 584 2260 fi
603 2209 769 2261 nescitis,
793 2223 817 2246 a
833 2209 953 2246 multis
968 2208 1156 2256 aetatibus,
1168 2208 1375 2261 priusquam

86 2269 291 2322 Pompejum
328 2272 362 2309 δ’
394 2272 554 2311 Romana
580 2286 678 2310 arma
707 2273 966 2324 experirentur,
995 2286 1063 2310 non
1104 2272 1216 2310 Graeci
1252 2273 1374 2319 modo,

79 2331 145 2383 fid
167 2331 270 2368 eciam
293 2331 380 2381 Syri
405 2331 710 2383 Cappadocia-silue,
736 2332 896 2369 omnibus
916 2331 1024 2382 ferme
1043 2331 1177 2383 proeliis
1207 2331 1375 2369 vicerunt.

86 2391 298 2443 Definamus
327 2392 482 2430 Romani
510 2392 644 2445 jaffare
676 2393 871 2441 Pacorum,
898 2393 933 2431 δ’
962 2392 1152 2431 Parthicas
1180 2390 1322 2440 lauros,
1337 2391 1378 2445 fi

134 2521 159 2569 S
184 2522 245 2558 VI.
270 2521 359 2559 Plut.
384 2522 535 2568 Appiam.
562 2522 645 2558 Dio.
670 2522 693 2568 5
721 2522 802 2560 V11.
825 2522 916 2558 Piut.
939 2521 1093 2622 AppiaIn).
1109 2519 1226 2555 Front.
1250 2531 1285 2565 5,
1301 2528 1359 2565 37.

1125 2591 1151 2622 2
