1617 2963
158 181 230 228 IN
276 178 883 227 LOC.L113.CXX1X
930 179 1076 226 L1V.
1227 194 1284 243 31

5 288 171 340 Kapsante
199 288 351 339 vestigio
377 286 595 338 procubuit.
621 298 692 324 nec
715 286 915 324 exterritus
938 283 1038 324 sacra
1061 284 1154 324 fecit
1179 284 1293 334 Deo‚·

3 349 204 400 castrisque
231 350 282 388 ibi
303 348 527 391 collocatis,
562 347 848 396 oppidanorum
872 355 1018 385 tentare
1043 347 1191 384 animos
1217 347 1293 385 de-

4 414 132 451 crevit.
191 411 377 451 Nondum
417 406 633 461 absolutum
667 407 810 445 vallum
845 418 951 455 erat,
991 419 1078 446 cum
1118 406 1294 458 Pompeji

1 486 140 523 magna
172 472 293 512 classis
332 483 419 509 curn
448 470 528 520 ipso
559 471 788 518 imperatore
823 467 957 516 affuit,
989 471 1026 507 in
1062 469 1294 511 defefforum

4 533 136 574 locum
176 534 334 583 integris
380 530 552 581 repositis
597 530 835 578 remigibus:
884 529 990 568 fimul
1030 533 1063 569 Sc
1101 530 1295 580 equitatus

3 596 88 643 ejus
111 594 335 644 conspectus
361 592 436 638 est,
464 591 545 640 pari
569 589 762 628 celeritate
782 602 849 640 per
875 589 987 628 litora
1013 591 1293 632 transcurrens:

5 660 42 696 ἃ
71 656 145 696 alio
181 657 268 695 loco
295 653 482 704 pedestres
512 655 633 703 copiae
658 663 928 702 apparuerunt.
978 652 1029 691 Ea
1057 663 1211 702 repente
1233 665 1296 693 tes

6 717 160 767 objecta
193 727 423 765 magnopere
445 713 676 752 Caesarianos
701 712 885 751 exterruit
902 741 912 757 ,
937 713 997 761 qui
1026 714 1166 751 victum
1194 726 1296 763 prce.

3 778 56 822 lio
99 779 350 828 Pompejum,
385 775 569 825 nusquam
610 774 805 813 discedere
840 773 944 822 poii'e
979 785 1047 822 per
1081 774 1296 824 Agrippam

4 848 241 890 putaverant.
285 839 420 887 Neque
452 836 617 876 absurde
646 837 838 874 creditum
864 834 987 885 est‚fi
1014 836 1162 886 undique
1187 836 1298 885 fimui

0 902 115 954 fhHus
156 903 304 953 impetus
339 899 442 952 effa,
476 900 578 937 deleri
619 899 764 951 Ccrsaris
800 899 984 935 examitum
1018 898 1175 950 poturffe.
1220 908 1300 937 tres}

7 964 167 1002 omnino
198 961 367 1012 legiones
404 969 538 1007 erant,
566 971 655 997 cum
694 959 889 1009 equitibus
929 960 1171 1009 quingentis,
1203 973 1303 1010 quo-

3 1039 88 1064 rum
117 1027 290 1063 nondum
319 1023 471 1062 advecti
500 1023 586 1072 equi
616 1033 750 1068 erant,
773 1021 907 1060 velites
935 1021 1067 1070 mille,
1092 1022 1301 1063 voluntarii.

5 1100 53 1126 ex
81 1087 189 1126 novis
227 1085 391 1124 coloniis
431 1085 509 1123 duo
544 1083 691 1131 millia,
719 1096 807 1122 cum
841 1083 1046 1122 classiariis.

59 1148 168 1188 XIII.
205 1148 281 1187 Sed
311 1148 524 1198 equitatus,
549 1157 699 1188 tantum
738 1149 887 1196 impetu
924 1147 962 1184 in
993 1146 1211 1185 munientes
1234 1146 1297 1185 fa-

4 1213 95 1258 έὶο,
127 1210 394 1250 interturbavit
436 1195 549 1260 opus‘
575 1209 867 1259 nequidquam3
912 1208 1099 1256 navibus,
1130 1222 1177 1247 ne
1211 1207 1295 1248 sero

7 1275 85 1314 diei
108 1273 289 1324 proelium
307 1274 473 1320 inirent,
501 1271 566 1311 sub
590 1272 773 1322 Coccyno
798 1271 1042 1321 capientibus
1068 1272 1296 1322 stationem9

6 1336 180 1386 peditatu
202 1334 242 1373 in
267 1334 458 1384 oppidum
484 1334 693 1373 Phoenicen
723 1334 904 1372 abducto.
944 1332 1086 1379 Caesar,
1120 1332 1194 1371 hac
1218 1345 1297 1382 op-

7 1398 240 1447 portunitate
270 1393 384 1442 usus,
408 1408 484 1434 non
513 1394 722 1433 intermisso
752 1406 819 1444 per
848 1395 1002 1432 noctem
1037 1392 1196 1441 labore,
1226 1405 1300 1432 ca-

7 1460 78 1498 stra
108 1459 329 1509 permuniit.
370 1458 510 1497 deinde
542 1457 693 1496 traditis
723 1456 763 1496 L.
796 1455 1004 1495 Cornificio
1038 1457 1185 1506 copiis,
1209 1465 1300 1495 ante

9 1521 137 1560 lucem
172 1534 260 1560 cum
299 1519 412 1558 classe
441 1519 636 1569 profectus
670 1520 750 1564 est,
780 1527 1038 1567 occupaturus
1074 1518 1299 1566 tranfitum,

9 1593 215 1633 antequam
243 1581 566 1633 praecluderetur,
585 1584 619 1621 &
642 1582 768 1621 minus
797 1581 935 1620 timens
963 1581 1132 1630 Pompeii
1160 1594 1299 1630 naves⁹

9 1653 55 1684 ut
81 1656 223 1695 paucas
251 1657 414 1683 numero
439 1646 474 1683 ἃ
498 1655 630 1682 recens
664 1644 791 1683 victas.
823 1643 943 1693 Igitur
971 1644 1104 1682 dextra
1131 1646 1212 1682 acie
1233 1644 1302 1684 Ti·-

11 1708 138 1747 tinnio
175 1707 394 1755 commiffa,
420 1707 560 1746 sinistra
591 1707 754 1751 Carcio,
785 1705 809 1744 si
839 1708 955 1746 modo
990 1709 1090 1746 reete
1117 1708 1302 1747 traditum

9 1779 154 1805 nomen
180 1767 253 1815 est,
288 1769 419 1805 vectus
452 1766 658 1805 Liburnica
693 1765 844 1824 claffem
878 1767 1088 1814 circumiit,
1116 1766 1301 1807 sollicitus

10 1830 217 1870 hortator:
250 1843 327 1880 quo
355 1841 557 1880 tempore,
586 1842 635 1868 ne
671 1828 951 1879 forte'agnitus
983 1829 1028 1868 ab
1059 1829 1229 1869 hostibus
1260 1831 1301 1869 in

9 1893 182 1943 periculo
212 1891 326 1940 esset,
351 1893 594 1942 imperatoria
620 1892 777 1942 insignia
805 1891 991 1941 deposuit.
1025 1892 1069 1932 In
1097 1906 1142 1932 eo
1168 1892 1299 1943 cursu,

12 1970 102 1995 cum
137 1956 293 1996 obviam
325 1956 362 1995 se
392 1957 597 2006 Pompejus
627 1954 787 2004 tulisset,
815 1957 871 1994 bis
904 1955 1116 2006 congreffi,
1150 1957 1199 1995 ad
1231 1969 1304 1995 no³

13 2020 112 2058 <tem
149 2017 264 2067 usque
296 2018 576 2068 depugnarunt.

66 2081 170 2120 XIV.
184 2081 286 2120 Tum
303 2094 392 2120 vero
413 2081 566 2121 Caesaris
588 2080 693 2120 haud
711 2080 828 2120 dubie
850 2079 1008 2119 inferior
1027 2080 1182 2120 fortuna
1201 2080 1274 2119 fuit
1288 2110 1300 2128 ,

15 2141 219 2191 multisque
246 2143 368 2192 captis
391 2152 457 2182 aut
481 2142 606 2181 mersis
630 2142 812 2189 navibus,
842 2154 927 2191 pars
956 2151 1191 2188 ceterarum,
1217 2140 1301 2191 ipso

13 2203 146 2242 frustra
164 2203 360 2252 hortante,
377 2204 503 2243 versus
530 2203 683 2244 Italiam
708 2205 832 2254 fugit,
854 2217 947 2254 quas
971 2204 1193 2254 Pompejani
1211 2215 1304 2240 neu-

15 2264 162 2313 tiquam
188 2264 301 2315 longe
322 2266 506 2314 insecuti,
526 2267 574 2305 ad
601 2266 764 2316 reliquas
791 2268 1070 2316 oppugnandas
1093 2266 1300 2304 redierunt„

15 2324 65 2365 Et
93 2324 225 2363 harum
252 2325 439 2375 pleraeque
467 2336 548 2365 tum
576 2327 703 2365 mersae
736 2326 845 2373 sunt,
868 2326 937 2365 aut
963 2328 1000 2366 in
1035 2327 1197 2364 hostium
1235 2325 1304 2363 de-

14 2397 202 2425 venerunt
225 2399 372 2426 manus.
403 2389 438 2427 Sc
462 2388 488 2427 ss
515 2388 597 2438 quis
620 2399 773 2428 enatare
797 2400 843 2427 ex
864 2387 924 2428 his
950 2389 1099 2440 potuit,
1127 2387 1173 2426 ab
1196 2386 1301 2436 equit

71 2507 95 2552 5
118 2507 193 2542 ΧΠ.
215 2508 363 2553 Appian.
389 2507 470 2544 Dio.
503 2495 537 2554 ς’
553 2509 646 2544 xm.
671 2509 772 2544 oros.
798 2510 839 2553 6,
873 2510 923 2543 rs.
949 2508 1094 2553 Appzan.
1120 2506 1202 2542 Dio.
