1617 2963
254 185 333 232 IN
369 184 540 234 LOC.
587 185 729 252 LIB.
779 180 982 230 CXXXI
1017 182 1162 230 LIV.
1297 199 1361 247 79

137 289 346 334 XXXVII.
374 293 449 334 Sed
474 292 521 345 ad
545 291 735 331 Setoviam
755 322 765 340 ‚
786 304 925 343 magna
948 298 1173 329 occurrente
1198 287 1363 329 hostium

81 357 382 404 manu,‚acriter
405 362 638 404 pugnatum:
673 355 708 392 &
737 353 879 401 Caesar,
904 353 1083 391 dextrum
1109 365 1207 403 genu
1235 351 1366 402 lapide

78 417 257 465 saucius,
274 430 341 467 per
360 415 508 465 aliquot
537 415 628 466 dies⁴
645 415 851 463 aegrotavit.
885 414 1032 453 Interea
1056 413 1185 454 Salaffi
1211 425 1365 464 quoque

78 478 148 518 sub
180 480 386 529 imperium
415 477 588 527 accepti,
623 489 715 527 gens
746 475 942 525 Inalpina‚
968 477 1200 526 ingenioque
1231 479 1266 516 ἃ
1289 475 1367 515 loci

79 548 216 579 natura
254 539 374 577 ferox.
405 539 555 578 Idcirco
588 540 624 578 &
648 537 846 586 vefflgalia
875 536 1057 586 poscebat
1088 551 1109 576 a
1138 537 1366 578 transeunti-

79 600 175 649 bus,
203 603 238 640 &
267 599 480 650 publicanis
511 612 648 649 aquam
671 598 868 638 vendebat
898 599 946 636 ad
970 600 1145 638 aurarias.
1183 600 1249 650 ipsi
1275 613 1369 650 quo-

79 673 154 710 que
184 660 332 700 Valerio
365 660 568 708 Messallae,
602 661 695 698 dum
723 660 859 699 vicinis
882 659 976 698 locis
1006 660 1166 710 agebat,
1190 674 1268 699 non
1298 660 1366 698 nisi

78 722 203 774 pretio
243 730 428 771 accepto,
455 721 556 771 ligna
589 722 638 760 ad
670 721 826 767 focum,
848 722 883 759 ἃ
913 721 961 758 ad
987 722 1279 760 exercitationes
1311 721 1366 760 ul-

78 797 166 822 mea
204 783 347 822 hastilia
383 783 638 833 praebuerunt.
673 784 772 823 Sane
803 796 884 821 non
913 783 964 821 ita
1001 785 1151 833 pridem
1182 785 1363 824 Antistius

78 846 230 894 Vetus,
266 845 455 896 aggressus
494 846 795 895 necopinantes,
832 857 922 883 cum
956 845 1133 894 angustiis
1165 846 1364 895 occupatis

77 908 265 946 continuo
305 908 461 947 biennio
494 920 560 946 eos
590 907 815 955 obsediss'et,
841 906 926 946 salis
952 907 1118 945 maxime
1154 909 1286 958 inopia
1311 908 1369 946 fa-

75 971 236 1020 tigatos,
257 970 306 1008 ad
334 970 574 1009 deditionem
602 969 831 1019 perpulerat.
864 969 940 1008 Sed
968 969 1130 1008 infidiati
1158 970 1365 1008 occafioni-

77 1032 170 1079 bus,
200 1045 288 1071 cum
324 1033 563 1072 munimenta
596 1033 856 1072 Romanorum
885 1031 1180 1081 expugnassent,
1205 1044 1363 1070 omnem

77 1094 220 1133 deinde
248 1095 394 1133 Veteris
430 1103 611 1133 conatum
642 1093 763 1133 irrisui
796 1092 1023 1131 habuerunt.

132 1155 360 1195 XXXVIII.
399 1155 475 1195 Sed
502 1157 537 1194 Sc
570 1154 722 1194 Caesaris
750 1153 957 1203 aliquando
992 1153 1173 1202 pecunias
1203 1152 1364 1202 diripue-

76 1226 186 1265 runt3
224 1219 260 1256 Sc
285 1217 410 1266 specie
450 1216 740 1255 reficiendarum
777 1215 922 1253 viarum
958 1224 1072 1264 atque
1111 1214 1317 1264 pontium,
1348 1226 1369 1251 e

77 1279 236 1318 summis
261 1279 452 1317 montium
484 1280 612 1328 jugis,
638 1278 679 1318 in
703 1276 847 1315 vallum
878 1277 1098 1316 Romanum
1125 1274 1208 1313 saxa
1235 1275 1366 1313 devol-

78 1349 224 1380 verunt.
248 1340 323 1379 Sed
353 1348 436 1378 tum
468 1339 625 1389 quidem
653 1337 702 1376 ob
731 1338 772 1377 L.
795 1337 948 1376 Antonii
970 1335 1112 1375 bellum
1128 1366 1139 1382 ‚
1166 1334 1286 1374 Caesar
1307 1334 1366 1372 his

77 1403 229 1443 indulta
261 1403 460 1448 libertate,
494 1403 646 1441 veniam
680 1401 957 1451 praeteritorum
1001 1398 1169 1437 dederat.
1207 1399 1254 1437 At
1288 1397 1368 1443 illi,

78 1474 300 1516 temporum
327 1464 436 1503 causa
461 1463 535 1501 hoc
562 1463 706 1502 factum
744 1461 937 1511 suspicati,
971 1473 1097 1510 neque
1127 1460 1368 1505 mansurum,

77 1526 146 1565 ubi
176 1526 260 1576 plus
292 1528 363 1565 otii
390 1527 522 1564 nactus
553 1523 673 1563 Caesar
706 1521 821 1569 effet,
848 1535 926 1561 non
953 1520 1161 1559 omiserunt
1187 1519 1277 1558 alias
1300 1520 1366 1557 ad-

76 1586 234 1626 sciscere
262 1587 434 1625 civitates
464 1586 504 1623 in
525 1585 774 1632 societatem,
795 1585 830 1621 &
863 1582 1074 1620 abnuentes
1100 1580 1282 1618 hostiliter
1304 1581 1361 1618 in-

77 1649 227 1687 vadere.
253 1648 356 1687 Turn
379 1649 494 1698 igitur
514 1645 662 1684 Valerio
682 1645 905 1683 mandatum
927 1643 973 1684 ,id
997 1641 1138 1681 bellum
1154 1642 1231 1681 est:
1255 1641 1361 1691 isque

77 1723 222 1760 magno
253 1710 384 1749 labore
409 1709 458 1748 ad
482 1708 626 1747 famem
654 1707 827 1745 redac‘sos
851 1706 891 1743 in
914 1705 1153 1743 deditionem
1183 1705 1345 1753 accepit.

133 1771 328 1812 XXXIX.
359 1770 472 1809 Dum.
486 1770 539 1808 ita
574 1767 694 1808 Caesar
718 1779 807 1805 curn
837 1766 946 1804 variis
977 1766 1154 1815 gentibus
1180 1765 1363 1814 decertat,

76 1834 267 1887 Antonius
290 1832 579 1883 expeditionem
615 1831 741 1869 denuo
775 1828 939 1878 suscepit
967 1828 1005 1865 in
1036 1827 1270 1867 Armeniam:
1293 1827 1363 1865 ini-

77 1904 196 1946 toque
212 1895 349 1933 eodem
369 1894 433 1933 die
459 1895 495 1933 δε
516 1892 636 1943 pofito
658 1890 879 1939 consulatu,
906 1890 941 1929 P.
959 1890 1229 1938 Sempronium
1256 1890 1361 1928 Atra-

76 1959 202 1996 tinum
235 1956 406 2003 suffecit3
442 1955 546 1994 unde
579 1954 819 2004 quorundam
847 1950 1046 1991 annalibus
1075 1964 1120 1989 eo
1145 1963 1246 1991 anno
1282 1963 1361 1989 non

76 2018 289 2066 Antonius,
313 2017 380 2056 sed
406 2017 627 2062 Atratinus,
655 2014 786 2053 consul
813 2013 1074 2064 praescribitur.
1112 2013 1291 2052 Ceterum
1319 2021 1362 2050 ut

76 2079 169 2119 dolo
198 2078 439 2118 Artavasdem
464 2087 616 2127 caperet
632 2108 644 2123 ,
668 2076 810 2115 viribus
836 2074 978 2114 diffisus
995 2105 1005 2122 ,
1033 2076 1212 2113 amicitiae
1235 2073 1359 2124 specie

76 2139 248 2186 offensas,
262 2150 413 2190 tegens,
436 2141 484 2189 Q
503 2139 670 2178 Dellium
697 2138 818 2185 milit,
845 2139 909 2189 qui
938 2136 1054 2175 filiam
1078 2137 1160 2184 ejus
1186 2134 1265 2173 filio
1290 2134 1357 2172 suo

75 2197 292 2242 Alexandro
335 2204 540 2251 conjugem
572 2209 742 2250 peteret,
777 2199 897 2240 multa
929 2200 965 2238 &
1000 2198 1176 2251 praeclara
1209 2196 1362 2246 pollici-

74 2273 152 2305 tus.
187 2264 292 2314 Quin
322 2265 357 2303 &
385 2263 463 2314 ipse
491 2263 656 2303 reversus
679 2265 719 2301 in
745 2263 944 2302 Armenios
972 2262 1145 2301 evocavit
1174 2273 1260 2299 eum
1291 2260 1360 2299 Ni-

77 2325 257 2376 copolin,
284 2337 355 2364 nec
385 2325 525 2364 destitit
550 2325 728 2365 omnibus
755 2325 895 2364 artibus
923 2323 1148 2383 sollicitare,
1175 2321 1362 2361 literis'at·

129 2444 150 2486 §
185 2444 362 2476 XXXVII
390 2445 532 2478 Sueton
553 2445 586 2476 in
611 2444 697 2488 Aug.
719 2456 748 2479 c.
773 2454 815 2483 20
840 2445 874 2478 ὅ(
896 2455 951 2481 25
976 2444 1123 2490 Appiam.
1146 2442 1255 2477 Strata
1277 2444 1302 2477 2.
1323 2454 1361 2484 4.

82 2488 105 2534 5
135 2489 462 2529 xxxz111.5=.xab
480 2491 634 2535 Appian
650 2490 732 2527 Dio
