1617 2963
176 150 257 198 IN
296 149 463 197 LOC.
509 149 645 196 LIB.
681 148 952 197 CXXXVII
991 151 1126 198 LIV.
1233 163 1325 212 27³?

52 255 156 296 hunc
177 271 319 298 annum
344 271 390 296 ex
420 266 572 305 mente,
597 269 674 295 non
706 256 838 296 Dionis
870 257 1009 306 modo,
1032 257 1096 297 sed
1121 259 1236 298 etiam
1262 260 1331 301 Li÷

51 320 130 366 vii,
154 332 239 357 nam
267 321 301 358 ἃ·
327 318 429 357 hunc
455 320 507 356 ita
531 314 744 363 tradidisse,
770 329 849 354 non
867 316 1025 356 obscura
1049 319 1192 357 indicia
1218 319 1326 365 sunt,

51 382 201 419 tradere
228 380 354 418 malui.
383 379 484 419 Tum
511 378 666 416 demum
697 387 847 416 remoto
872 379 1094 428 provinciali
1118 391 1243 428 metu,
1266 391 1323 420 to⁴

52 449 113 481 tus
138 444 177 480 in
197 441 339 480 bellum
369 439 518 488 versus,
536 439 584 477 ad
608 436 736 478 Rheni
759 438 880 487 ripam
907 440 1074 480 adducto
1098 441 1196 480 clam
1223 455 1332 481 exer-

52 506 160 553 citu,
195 505 428 550 Germanos,
459 514 620 553 quorum
654 501 801 549 eruptio
836 500 1124 551 exspectabatur
1145 535 1156 552 ,
1180 505 1337 555 aggres-

50 566 140 615 sus3
168 579 255 605 cum
287 568 464 614 trajectos
490 568 528 603 in
555 563 741 604 Gallicam
767 562 887 612 ripam
919 564 1144 614 improvisus
1171 568 1335 607 circum-

50 628 405 676 veniffet,cecidit.
437 627 519 677 Ipse
545 626 706 673 deinde,
726 625 879 663 transito
907 639 1037 671 amne,
1065 641 1137 676 qua
1163 629 1334 669 Batavo-

47 701 131 728 rum
167 689 286 728 insula
329 688 572 727 venientibus
611 699 630 725 e
669 686 792 726 Gallia
826 686 979 737 placido
1014 688 1171 728 flumine
1202 691 1334 731 faciles

34 751 230 802 -appulsus
259 751 427 802 praestat,
459 763 548 789 mox
570 751 609 788 in
637 748 814 788 ulteriora
836 749 973 788 tendit.
1008 750 1204 801 Ulipetum
1240 767 1333 804 gens

51 815 216 853 maxime
240 813 463 863 petebatur,
486 813 606 853 Cattis
630 812 805 861 proxima
821 813 926 860 ‚jam
952 810 1158 862 superioris
1182 814 1334 854 Caesaris

48 886 160 915 aetate
190 875 320 915 Gallos
345 873 535 914 incursare
562 872 684 913 solita.

103 938 183 979 VH.
204 939 352 979 Horum
381 935 597 988 pervastatis
618 934 759 975 finibus
773 965 785 981 ‚
807 934 847 973 in
868 934 1085 974 Sicambros
1111 937 1330 976 transitum:

51 1000 264 1050 eademque
307 1001 344 1038 Sc
383 998 518 1037 horum
561 997 657 1047 agris
692 996 795 1035 illata
827 996 987 1035 vastitas.
1034 996 1132 1035 Inde
1166 997 1334 1037 secundo

52 1060 187 1100 Rheno
212 1061 248 1098 in
276 1060 474 1100 Oceanum
503 1058 773 1099 Germanicum
799 1059 941 1107 primus
969 1058 1235 1098 Romanorum
1265 1061 1333 1098 du-

50 1135 141 1160 cum
176 1122 390 1171 navigavit,
418 1123 460 1160 in
491 1120 623 1159 Frisios
654 1119 904 1169 expeditione
940 1119 1060 1158 sumta
1091 1135 1098 1161 :
1136 1121 1333 1171 obiterque

50 1183 213 1223 subactis
235 1183 390 1230 insulis,
419 1195 577 1233 quarum
602 1180 836 1232 Byrchanis,
860 1193 948 1221 cum
969 1193 1047 1220 non
1078 1181 1240 1233 segniter
1261 1184 1336 1223 de-

50 1246 293 1293 fenderetur,
318 1245 351 1283 vi
378 1252 591 1295 expugnata
615 1243 676 1282 est.
715 1255 799 1282 eam
825 1242 991 1281 Romani
1017 1255 1037 1280 a
1058 1241 1179 1293 frugis
1204 1243 1334 1283 simili·

43 1308 182 1347 tudine
204 1307 338 1358 sponte
373 1306 633 1357 provenientis
659 1305 849 1345 Fabariam
878 1303 1129 1355 appellarunt.
1164 1306 1339 1346 Glesuria.

52 1382 204 1420 quoque
223 1372 256 1409 Sc
278 1369 435 1408 Afrania
458 1369 555 1407 inter
580 1367 745 1408 domitas
766 1378 811 1406 eo
835 1365 937 1406 bello
963 1376 1245 1414 memorantur,
1270 1382 1335 1408 an,

51 1440 112 1470 tea
142 1431 325 1470 Romanis
351 1430 567 1480 incognitae.
607 1428 773 1469 Ulterius
799 1430 851 1467 ire
879 1428 1095 1478 cupientem
1127 1429 1246 1479 ignoti
1272 1443 1338 1469 va-

49 1492 171 1543 stique
204 1493 315 1531 maris
341 1493 473 1542 opinio
500 1493 696 1531 deterruit.
730 1491 825 1530 Satis
849 1498 979 1529 tamen
1004 1502 1184 1540 magnum
1211 1503 1337 1540 operae
1363 1503 1366 1510 ’

51 1555 217 1605 pretium
255 1554 507 1592 credebantur
539 1551 650 1601 super
681 1559 804 1590 cetera
831 1551 922 1590 visti
945 1551 984 1589 in
1012 1551 1146 1590 Amisia
1178 1542 1335 1591 flumine

50 1615 175 1655 navali
207 1628 336 1666 pugna
370 1615 559 1654 Bructeri:
602 1625 672 1652 nec
704 1613 930 1664 propinquis
957 1612 1133 1653 litoribus
1168 1614 1336 1654 abstenta

52 1690 181 1725 arma,
222 1679 346 1716 donec
374 1678 480 1716 natio
506 1676 731 1725 Frisiorum,
757 1688 850 1727 pace
875 1677 1021 1727 petita,
1048 1675 1235 1716 faeturam
1259 1678 1338 1716 im-

51 1748 180 1792 perata
213 1738 468 1789 polliceretur.

104 1800 205 1840 VIII.
242 1800 305 1840 Per
331 1799 536 1839 immensos
566 1799 706 1838 deinde
737 1798 840 1838 lacus
866 1801 949 1839 acta
975 1798 1112 1848 classe,
1141 1800 1180 1838 in
1206 1799 1333 1840 Chau-

52 1875 119 1903 cos
159 1873 429 1915 penetratum‚
465 1864 612 1903 summa
652 1876 725 1913 ope
763 1872 911 1902 tuentes
946 1861 1186 1911 libertatem,
1221 1876 1341 1913 quam

51 1926 172 1964 ferme
207 1925 324 1964 solam
361 1924 620 1964 humanorum
656 1924 846 1963 bonorum
876 1923 1096 1973 habebant,
1133 1932 1212 1963 tota
1249 1925 1338 1963 vitae

53 1988 200 2026 ratione
235 1988 425 2040 insigniter
459 1987 606 2027 misera.
640 1988 739 2028 Nam
766 1988 805 2026 in
837 1987 1011 2027 aestuariis
1040 1987 1165 2026 dubiae
1193 1985 1340 2037 posses-

52 2049 161 2089 lionis
187 2049 307 2089 solum
335 2064 401 2101 per
432 2051 597 2102 singulos
630 2051 709 2089 dies
735 2048 939 2100 not-“resque
962 2049 1184 2088 vindicante
1212 2047 1336 2087 Ocea-

52 2124 124 2159 no,
159 2125 237 2150 non
276 2112 569 2162 agriculturam,
609 2124 686 2151 non
720 2120 900 2150 venatum
934 2110 1189 2156 exercebant,
1223 2121 1338 2146 man-

51 2172 167 2212 suetis
194 2175 310 2212 etiam
343 2174 573 2213 animalibus
611 2183 793 2213 carentes.
831 2170 999 2222 piscibus
1032 2174 1199 2212 maxime
1233 2171 1337 2209 vive-

55 2234 182 2274 batur.
223 2247 268 2272 ne
301 2235 453 2274 arbores
477 2236 632 2285 quidem
666 2235 831 2273 fructum
866 2242 933 2272 aut
962 2234 1064 2284 ligna
1087 2233 1331 2284 praebebant:

54 2294 285 2335 bituminoso
316 2296 424 2344 luto,
455 2297 560 2347 quod
595 2295 768 2335 manibus
801 2295 1056 2346 compressum
1087 2296 1253 2342 liceant,
1281 2293 1332 2332 ad

51 2458 63 2490 1
100 2414 122 2476 ᾗ
147 2413 207 2449 vr.
240 2413 311 2448 mv.
342 2413 430 2458 Epa.
455 2413 534 2448 Dio.
557 2413 668 2451 Tacit.
698 2413 786 2449 nor.
819 2424 860 2458 4,
885 2423 947 2450 12.¹
967 2414 990 2459 ς
1017 2413 1093 2449 vu.
1117 2411 1201 2448 Dio.
1227 2412 1336 2446 strab.
