1617 2963
251 221 341 266 194
407 206 498 251 JO.
550 200 1054 248 FREINSHEMII
1091 200 1451 250 SUPPL‘EM.

251 312 448 352 t-roduxit:
490 307 675 348 nonnulla
703 309 737 348 ἃ
765 308 815 348 ad
847 307 1087 358 sequentium
1115 309 1388 359 imperatorum
1423 322 1532 349 curae

236 365 454 416 'transmissa
488 369 584 408 sunt.
631 369 783 419 Quibus
821 370 859 408 iu
889 368 998 408 rebus
1032 369 1211 408 omnibus
1248 370 1415 422 Agrippa
1447 383 1532 420 per-

244 435 442 474 strenuum
477 434 511 470 &
546 431 668 470 fidum
704 429 968 470 administrum
997 430 1193 480 exhibuit,
1227 444 1460 483 quamquam
1489 434 1531 473 in

246 495 323 534 alia
351 493 430 544 ipse
449 492 639 531 sententia
669 491 807 530 fuisset.

302 556 482 596 LXXIV.
515 554 571 601 Ab
598 554 679 593 hocs
701 554 816 604 igitur
846 564 1021 604 tempore
1047 566 1104 592 res
1123 554 1301 595 Romana
1327 554 1395 595 sub
1416 557 1530 597 unius

245 618 470 663 arbitrium,
504 616 617 655 firmo
648 617 683 655 ἃ
716 616 756 654 in
783 615 923 655 multas
954 617 1047 657 inde
1077 626 1203 655 aetates
1225 618 1407 657 duraturo
1431 619 1532 658 insti-

243 690 328 722 tuto
360 681 494 720 rediit:
526 693 640 730 quam
670 679 737 718 sub
762 680 983 732 Imperatoris
1009 679 1201 719 vocabulo
1229 682 1435 731 regendam
1463 682 1531 721 fibi

246 744 367 785 Caesar
394 742 551 782 censuit.
591 743 678 782 Erat
706 754 750 780 ea
781 751 888 780 vetus
915 742 1030 782 etiam
1055 741 1291 792 appellati03
1321 743 1386 783 sed
1409 757 1532 795 nuper

245 806 428 846 occultari
464 805 531 844 sub
568 818 611 843 ea
643 804 736 853 regii
775 803 925 852 imperii
966 803 1100 842 titulus
1133 811 1330 854 coeperat,
1369 817 1458 843 cum
1488 804 1531 843 id

244 882 465 921 praenomen
495 868 676 908 dictatori
703 862 866 915 Caesari3
891 864 1096 915 liberisque
1120 867 1202 914 ejus
1233 867 1536 906 derce-rueretur.

244 933 382 981 Neque
418 931 626 970 omiserunt
656 937 855 978 propterea
895 926 1064 966 Romani
1102 939 1195 966 mox
1228 928 1448 978 principes,
1481 927 1533 966 ob

244 988 423 1032 victorias
451 993 565 1031 etiarn
599 989 719 1040 prisco
748 1000 856 1027 more
883 990 1158 1038 imperatorum
1192 989 1368 1038 accipere
1395 989 1535 1039 appel-

245 1054 456 1094 lationem:
490 1051 822 1103 quemadmodum
852 1052 887 1090 &
915 1048 979 1087 hic
1008 1048 1151 1096 Caesar,
1181 1050 1243 1099 qui
1267 1063 1363 1090 mox
1388 1063 1533 1102 cogno-

246 1117 411 1157 minatus
439 1116 619 1167 Augustus
636 1112 712 1160 est,
738 1112 959 1164 Imperatoris
981 1124 1103 1148 nomen
1124 1111 1231 1163 semel
1258 1113 1292 1150 ὅ)
1314 1111 1422 1150 vicies
1444 1126 1534 1150 rece-

187 1184 189 1187 ’
242 1179 330 1231 piſjk
357 1177 508 1227 legitur.
551 1174 758 1215 Censuram
789 1173 952 1220 deinde,
987 1169 1052 1209 sed
1089 1171 1166 1221 fine
1197 1172 1432 1222 magistratus
1465 1172 1533 1211 ho-

244 1252 362 1285 nore,
393 1236 540 1286 collega
574 1236 628 1275 M.
654 1235 818 1284 Agrippa
837 1265 848 1282 ,
878 1232 1077 1279 exercuit3
1109 1231 1280 1271 senatum
1303 1245 1351 1271 ex
1371 1232 1531 1271 confilio

244 1300 471 1342 ,Maecenatis
502 1298 755 1336 ordinaturus.

302 1359 459 1398 LXXV.
498 1356 617 1396 Multi
642 1356 746 1394 enim
775 1353 947 1403 equites,
983 1361 1096 1403 atque
1131 1353 1246 1392 etiam
1281 1366 1327 1392 ex
1359 1353 1534 1404 inferiori

248 1419 388 1470 plebe,
425 1416 598 1456 civilium
638 1429 828 1454 armorum
861 1414 1095 1453 turbulentia
1128 1413 1255 1453 intrufi
1289 1415 1326 1452 iu
1360 1413 1533 1460 senatum

248 1493 380 1528 erant,
401 1480 497 1518 adeo
513 1509 523 1526 ,
551 1488 593 1517 ut
609 1478 720 1528 supra
745 1477 852 1516 misse
869 1487 1170 1516 numerarentur.
1200 1476 1424 1527 Complures
1447 1477 1532 1528 post

248 1555 383 1580 necem
412 1539 589 1586 (ja-saris,
628 1548 810 1589 tanquam
833 1551 878 1578 ex
910 1538 1196 1577 commentariis
1218 1540 1324 1587 ejus,
1356 1551 1423 1588 per
1446 1551 1531 1588 gra-

250 1607 346 1644 tiam
383 1614 447 1642 aut
477 1603 676 1653 praemium
710 1603 897 1642 Antonius
926 1601 1117 1652 allegerat.
1153 1601 1224 1640 hos
1253 1600 1530 1640 contumeliosa

249 1667 510 1718 appellatione
533 1665 668 1716 vulgus
687 1668 841 1706 Orcinos
865 1665 1056 1713 vocabat;
1078 1666 1180 1715 quod
1206 1665 1251 1704 iis
1277 1677 1418 1703 nomen
1449 1665 1533 1710 fue-

234 1722 333 1778 rat,
366 1731 429 1779 qui
461 1729 707 1768 dominorum
749 1730 981 1769 testamentis
1012 1727 1392 1768 manumittebantur.
1435 1727 1529 1767 Haec

241 1787 393 1842 'depelli
435 1792 624 1829 dedecora
661 1790 826 1840 publicae
869 1791 1063 1842 dignitatis
1105 1791 1307 1829 intererat:
1352 1788 1417 1827 sed
1451 1797 1531 1827 tam

251 1854 395 1893 multos
420 1853 614 1891 offendere
634 1854 799 1891 audaces
827 1852 1028 1901 homines,
1054 1865 1099 1891 ac
1129 1853 1306 1901 injuriam
1333 1850 1531 1901 haudqua-

250 1928 364 1965 quam
385 1927 492 1964 aequo
513 1915 641 1952 animo
670 1914 836 1960 laturos,
859 1913 1115 1963 periculosum
1143 1913 1365 1952 habebatur.
1397 1912 1530 1952 Media

251 1976 470 2025 excogitata
504 1975 598 2013 ratio
625 1975 702 2022 est,
739 1976 965 2024 monuitque
1002 1974 1123 2013 Caesar
1151 1973 1370 2020 universos,
1394 1983 1434 2010 ut
1456 1971 1529 2024 fieae

249 2039 391 2091 quisque
415 2037 625 2075 conditionis
650 2049 750 2090 atque
782 2037 862 2074 vitae
886 2037 1039 2089 judicem
1063 2050 1170 2089 agens
1187 2068 1198 2086 ‚
1225 2038 1283 2073 ubi
1304 2036 1343 2088 sie
1365 2036 1428 2072 lzoc
1455 2034 1529 2073 loco

249 2102 429 2152 indignum
453 2099 637 2151 reperiſjess
651 2101 778 2152 sponte
793 2100 946 2137 abeundo
964 2099 1149 2151 censoriam
1169 2111 1284 2136 notam
1304 2095 1529 2148 lucrifaceret.

312 2161 489 2202 LXXVI.
527 2161 577 2200 lis
605 2161 740 2200 diebus
770 2160 888 2199 lorica
920 2159 988 2198 sub
1011 2160 1111 2199 veste
1141 2160 1288 2206 tetrus,
1324 2157 1530 2197 accinetus-

252 2238 326 2277 que
359 2225 526 2275 pugione
553 2223 761 2274 praesediffe
793 2223 987 2273 creditur,
1019 2223 1153 2263 decem
1190 2221 1450 2262 robustiffimis
1485 2233 1530 2259 ex

253 2289 468 2327 amicorum
493 2286 652 2325 cohorte
678 2286 914 2326 senatoribus
939 2285 1067 2324 sellam
1089 2287 1172 2334 ejus
1188 2280 1527 2325 circumstantibus.

297 2433 318 2472 §
344 2429 498 2462 LXXIII.
512 2428 592 2462 Dio.
616 2428 804 2473 §LXXIV-
818 2428 900 2461 Dio.
919 2428 1028 2460 Tacit.
1047 2429 1189 2461 Sueton.
1205 2428 1240 2460 in
1258 2428 1344 2470 Aug.
1359 2426 1380 2469 5
1395 2424 1534 2458 LXXV,

244 2475 395 2552 Ϊδ’)ιιιέοιι.
419 2476 453 2506 in
481 2475 572 2518 Aug.
598 2484 628 2507 c.
662 2484 715 2517 35.
747 2474 837 2507 Piut.
864 2475 899 2507 in
931 2475 1060 2507 Anton.
1096 2484 1127 2508 c.
1162 2484 1217 2506 20.
1248 2470 1369 2513 Vellei.
1404 2481 1451 2512 2,
1477 2469 1532 2512 89.
