1617 2963
273 222 372 271 266
437 219 1490 278 10.FRE1NSHEM1151JPPLEM;

274 341 364 368 eum
387 327 556 367 honores
586 327 767 379 Augustus
793 326 894 367 haud
929 327 1094 379 maligne
1122 329 1312 381 contulit,
1345 342 1548 384 prorogata·

274 393 311 429 ei
341 392 379 428 in
411 389 513 428 aliud
540 390 846 440 quinquennium
876 390 1070 430 tribunitia
1092 392 1301 442 potestate,
1336 394 1376 432 in
1400 395 1548 435 Panno-

271 452 357 491 nios
382 453 537 492 mittens
551 484 564 500 ,
591 465 679 492 curn
700 454 863 502 majore,
883 466 1115 504 quocunque
1139 466 1243 494 extra
1265 455 1414 495 Italiam
1429 457 1550 497 venii?-

271 512 351 560 set,
377 513 563 564 imperio,
584 527 698 564 quam
725 527 856 554 eorum
886 514 977 553 effet
993 545 1002 562 ‚
1031 517 1093 566 qui
1118 518 1357 567 provinciam
1392 519 1551 558 obtine-

268 584 364 614 rent.
401 577 484 616 Nec
511 576 575 616 ille
602 580 847 626 cunetanter‚
887 587 1118 628 quamquam
1145 581 1372 621 imminebat
1396 582 1549 630 hiems„

268 638 489 689 profectus,
512 638 593 678 solo
621 649 761 679 terrore
785 641 950 680 nominis
977 640 1256 692 praefentiaeque
1282 641 1354 682 suae
1375 646 1547 683 coercuit

270 696 442 746 hostem3
461 698 632 748 nihilque
654 699 858 746 abnuenti,
874 700 1024 739 veniam
1043 704 1321 750 paeteritorum
1337 703 1455 742 dedit.
1470 704 1547 743 Sed

267 758 359 797 inde
381 768 593 806 revertens,
617 772 707 798 cum
724 762 803 809 jam
830 760 886 802 M.
909 760 1082 800 Valerius
1106 763 1165 802 M.
1195 763 1235 802 F.
1260 764 1432 804 Meisalla
1460 766 1546 804 Bar-

269 819 409 867 batus,
432 821 468 861 P.
486 821 674 872 Sulpicius
698 822 733 861 P.
752 821 791 861 F.
811 822 991 871 Quirinus
1009 824 1182 865 consules
1209 826 1349 874 effent,
1375 829 1413 865 in
1436 822 1547 867 Cain-

266 882 381 933 pania
405 882 539 921 morbo
565 892 760 933 correptus
779 884 1002 934 exspiravit,
1029 886 1248 936 priusquam
1276 901 1323 927 eo
1348 890 1551 939 pervenire,

266 942 454 993 Augustus
479 942 624 993 poffet3
663 943 725 993 qui
751 944 800 982 ad
830 944 1010 983 nuntium
1034 944 1262 986 valetudinis
1289 950 1394 996 ejus,
1414 962 1546 999 quanv-

267 1018 384 1054 quam
408 1006 504 1045 forte
535 1006 838 1057 Quinquatribus
861 1006 1016 1046 nornine
1045 1007 1211 1048 filiorum
1238 1009 1353 1050 ludos
1387 1009 1546 1050 exhibe-

263 1077 345 1116 ret,
377 1068 610 1108 festinanter„-r
622 1076 850 1109 excurrerat.

318 1130 500 1170 LXXIII.
531 1131 675 1181 Corpus
696 1133 778 1180 ejus
803 1132 842 1169 in
868 1130 1003 1169 urbem
1027 1131 1212 1182 perlatum
1231 1133 1307 1180 est,
1334 1146 1387 1174 ac.
1400 1135 1438 1173 in
1460 1134 1548 1174 foro

265 1194 529 1245 propositum,
551 1195 644 1234 dum
679 1194 862 1245 Augustus
886 1194 1154 1234 laudationem>
1177 1197 1348 1247 peragit,
1378 1195 1465 1236 velo
1494 1197 1550 1236 in-

265 1255 470 1305 terpofito,
488 1257 592 1305 quod
623 1255 818 1306 aspectum
841 1263 994 1294 arceret.
1017 1255 1061 1295 Id
1086 1266 1264 1296 utrumne
1282 1257 1545 1308 feceri>t‚quia

269 1316 402 1356 censor
430 1327 535 1366 erat,
565 1331 614 1357 an
649 1319 739 1368 quia
764 1318 935 1368 pontifex
960 1318 1176 1367 maximus,
1206 1320 1311 1370 quod
1334 1319 1413 1368 his,
1450 1319 1548 1360 sum-

266 1391 421 1418 morum
453 1381 558 1430 apud
593 1380 749 1428 Jndaeos
781 1380 1027 1421 sacerdotum
1063 1394 1192 1430 more,
1226 1382 1389 1421 cadaver
1417 1381 1548 1421 videre

264 1441 374 1480 nefas
402 1442 522 1490 essct,
552 1455 686 1492 parum
710 1442 854 1493 liquet:
888 1444 1091 1494 praesertim
1122 1457 1212 1484 cum
1242 1452 1441 1495 utramque
1467 1445 1551 1494 opi-

266 1504 428 1543 nionem
444 1504 518 1543 Dio
542 1515 696 1554 arguat,
718 1518 798 1544 non
823 1507 1002 1556 ignorans
1026 1507 1206 1554 istorum,
1233 1506 1290 1546 bis
1313 1506 1467 1555 consul,
1490 1506 1546 1545 se·-

265 1564 347 1604 mel
373 1566 489 1603 etiam
523 1565 718 1615 pontificis
746 1567 904 1606 maximi
939 1566 1098 1617 collega.
1133 1567 1313 1607 Ceterum
1337 1567 1544 1618 Agrippam

268 1624 311 1663 :in
335 1624 402 1663 suo
427 1636 679 1665 monumento
703 1627 819 1666 condi
846 1627 949 1676 juffit
979 1627 1127 1676 Caesar,
1155 1628 1219 1666 ubi
1247 1630 1283 1667 ἃ
1312 1627 1543 1667 Marcellum

267 1684 497 1736 sepelierat:
534 1701 768 1739 quamquam
796 1690 830 1728 δε
859 1688 915 1728 illi
948 1690 1058 1728 datus
1089 1690 1127 1728 in
1151 1702 1287 1740 campo
1323 1689 1465 1730 Martio
1491 1688 1545 1728 se-

267 1747 429 1798 pulturae
459 1747 568 1788 locus
602 1749 734 1788 fuerat.
770 1750 884 1790 Hunc
908 1751 956 1789 ad
983 1750 1143 1790 modum
1174 1751 1334 1801 Agrippa
1359 1750 1457 1788 finiit
1480 1750 1543 1788 vi·-

268 1817 346 1848 tam
363 1842 374 1858 ‚
398 1810 527 1857 fama,
558 1824 672 1861 quam
699 1825 835 1862 genere
851 1843 862 1860 ‚
887 1812 1078 1860 nobilior,
1113 1813 1356 1862 amicitiaque
1387 1812 1540 1852 Caesaris

268 1871 470 1910 octaviani
494 1874 529 1911 &
558 1872 755 1912 virtutibus
787 1873 861 1912 suis
887 1874 1112 1923 provechs,
1139 1873 1274 1922 quibus
1299 1873 1406 1912 domi
1440 1872 1546 1912 belli..

268 1946 344 1984 que
361 1935 586 1974 immensum
604 1934 760 1983 claruit;
781 1946 905 1974 cetera
931 1948 1105 1985 quoque,
1119 1935 1142 1973 si
1168 1935 1363 1984 quisquam
1383 1947 1427 1973 eo
1447 1944 1542 1975 tem-

269 2007 365 2046 pore
394 1994 685 2044 Romanorum,
718 1997 773 2034 vir
798 1996 949 2044 bonus,
985 1998 1020 2035 &c
1053 1996 1212 2034 omnino
1241 1996 1399 2045 dignus,
1426 2009 1543 2045 quem

267 2069 461 2107 pronepos
486 2056 660 2108 Caligula
694 2069 771 2096 non
807 2057 1053 2107 agnosceret:
1082 2057 1270 2096 summum
1299 2056 1399 2096 haud
1431 2057 1548 2096 dubie

266 2115 400 2156 locum
417 2147 428 2165 ‚
449 2117 474 2157 fi
499 2117 776 2169 rempublicam
796 2119 954 2159 liberam
970 2121 1102 2159 narius
1131 2118 1244 2166 effet2
1265 2126 1551 2169 occupaturu33.
1597 2135 1601 2136 ⁷

268 2179 312 2218 in
335 2189 450 2228 regno
470 2178 607 2228 unius,
637 2182 672 2219 ἃ
697 2182 894 2220 communi
920 2188 1132 2219 ceterorum
1157 2179 1365 2230 obsequio,
1390 2180 1441 2218 ita
1467 2191 1546 2218 me-

269 2240 355 2280 dius
371 2271 382 2289 ,
400 2250 441 2279 ut
466 2250 594 2281 tamen
609 2243 791 2293 imperio,
805 2256 919 2293 quam
942 2242 1113 2289 servitio,
1132 2242 1287 2293 propior
1305 2241 1421 2281 esset:
1441 2242 1550 2289 cujus

272 2303 582 2354 magnitudinem
620 2318 668 2346 ne
704 2305 888 2357 Augustus
925 2305 1081 2357 quidem
1111 2304 1287 2356 princeps
1322 2303 1551 2344 obumbrare

275 2374 399 2406 totam
426 2368 561 2418 potuit.

321 2483 455 2516 Lxxu.
491 2485 568 2518 Liv.
606 2485 704 2530 Epir.
727 2486 810 2522 Dio,
851 2488 873 2532 5
903 2487 1018 2521 LXIlI.
1044 2485 1181 2530 Ioseph.
1204 2485 1308 2530 antiq.
1332 2484 1408 2519 sud.
1432 2494 1477 2529 3,
1501 2495 1553 2518 ιο,

269 2528 348 2566 Dio.
376 2528 494 2573 Vellej.
520 2541 538 2564 2
557 2556 566 2571 „
587 2530 644 2573 96.

812 2628 832 2653 Q
