1617 2963
230 187 348 252 ‘308
703 182 762 229 T.
830 179 1096 226 lell

230 296 380 345 Haud
393 290 742 355 ‘inopinantibus
778 323 1075 337 .......
1111 270 1383 348 advenerar,
1402 287 1530 336 uncti„

243 390 326 439 que
355 368 580 434 equitibus
607 368 656 414 δε
686 365 771 412 suae
802 362 977 427 gentis,
1007 363 1057 411 &
1086 362 1246 411 Autric
1280 389 1533 412 ......

596 464 920 520 LIBRI
998 472 1189 520 CVII.

470 572 678 633 Przfiian.
700 573 802 617 Lib.
835 571 1017 617 XVIII.
1050 575 1129 617 col.
1167 567 1301 633 1198.

229 684 232 686 ’
315 673 466 719 Livius
505 670 633 715 CVII
673 670 725 712 ab
758 669 852 712 urbe
891 669 1061 712 condita
1083 682 1101 712 .·
1134 665 1229 725 Qui
1262 664 1529 728 Pompeium

243 743 453 796 morbum
475 741 695 791 excusasse
722 740 870 787 ferunt
887 776 900 799 ,
924 757 978 786 ne
995 776 1010 799 ‚
1039 758 1142 788 cum
1164 741 1385 788 intereffet
1405 742 1531 803 dedi-

243 821 363 868 tioni
382 855 397 880 ,
420 819 595 866 animos
620 813 1010 862 Numantinorum
1037 813 1243 862 irritaret.

587 925 623 969 L
669 924 686 969 Ι
730 922 763 968 Β
807 921 850 967 R
894 922 911 966 Ι
995 921 1188 969 CXII.

536 1012 747 1071 Priscian.
777 1011 869 1056 Lib.
904 1010 985 1055 VI.
1019 1011 1094 1054 col.
1126 1007 1238 1055 686.

310 1103 461 1147 Inveni
489 1118 626 1146 tamen
658 1103 773 1162 apud
800 1102 965 1145 Livium
989 1102 1036 1145 in
1065 1100 1202 1144 CXII
1220 1100 1274 1142 ab
1305 1101 1400 1144 urbe
1435 1116 1532 1144 con·-

237 1174 363 1229 dica,
393 1177 438 1218 irz
473 1174 526 1217 D
557 1174 742 1237 defluens
771 1174 990 1216 barbarum
1025 1173 1128 1231 regis
1167 1172 1414 1216 Maurorum
1448 1190 1530 1215 720·

241 1266 333 1292 men
353 1245 509 1307 Bogud
522 1280 534 1298 ‚
551 1244 673 1302 cujus
695 1246 933 1289 Genitivum
947 1278 961 1299 ‚
974 1244 1206 1303 secundum
1225 1245 1381 1288 tertiam
1404 1246 1532 1289 decli-

235 1320 474 1373 nationem,
492 1315 689 1378 Bogudis
699 1316 893 1375 protulit‚
914 1329 983 1358 ut:
1004 1311 1159 1358 Castra
1179 1328 1360 1375 quoque
1379 1313 1531 1358 diver-

235 1388 291 1434 fis
323 1388 519 1449 partibus
542 1386 707 1433 (jaffius
733 1388 781 1433 &
804 1386 964 1448 Bogud
990 1384 1137 1431 adorti
1157 1421 1172 1442 ,
1200 1386 1317 1431 haud
1337 1385 1529 1431 multum

222 1461 420 1508 ‘abfuere
435 1497 448 1518 ‚
467 1461 576 1522 quin
603 1477 741 1522 opera
762 1455 1116 1522 perrumperent.
1141 1465 1193 1505 ln
1220 1462 1355 1506 eodem
1377 1478 1394 1506 .·
1413 1461 1528 1519 Quo

221 1547 443 1594 ‘tempore
463 1533 670 1580 firmandi
691 1533 814 1596 regni
835 1532 1031 1595 Bogudis
1061 1532 1187 1581 causa
1206 1533 1455 1579 exercitum
1477 1533 1525 1579 in

233 1606 437 1654 Africam
472 1605 694 1653 velociter
729 1603 932 1666 trajicere
959 1616 1148 1661 conatus
1168 1604 1233 1652 fit.
1252 1609 1367 1651 Idem
1387 1608 1433 1652 in
1458 1625 1524 1652 eo-

233 1685 364 1725 dem:
398 1680 568 1726 Caffius
602 1678 787 1743 geffiffet
820 1695 921 1726 cum
967 1677 1207 1724 Trebonio
1251 1679 1449 1737 bellum,
1487 1680 1519 1724 fi

233 1752 468 1816 Bogudem
498 1753 671 1798 trahere
702 1752 749 1797 in
771 1750 1032 1798 societatem
1059 1749 1226 1799 furoris
1254 1750 1481 1814 potuifl'et,

537 1862 572 1907 L
619 1863 637 1906 I
686 1862 719 1906 B
766 1862 807 1906 R
852 1862 871 1906 I
953 1859 1187 1909 CXIII.

565 1951 779 2010 Priscian.
810 1954 836 1995 l.
868 1953 957 1997 eod.
981 1956 1058 1998 col.
1090 1950 1199 2011 687.

300 2049 449 2097 Livius
478 2050 524 2094 in
553 2050 719 2094 CXIII
737 2051 789 2094 ab
813 2052 906 2095 urbe
934 2052 1103 2095 condita
1126 2051 1281 2110 oppido
1301 2066 1448 2095 nomen
1473 2049 1518 2091 in

227 2121 287 2169 ’.Β
305 2124 488 2187 dzfitzens
502 2142 577 2183 per
592 2124 891 2183 Accusativum
912 2124 1052 2183 cafimz
1081 2139 1221 2169 neutro
1246 2141 1384 2185 genere
1411 2142 1521 2184 pro-

229 2200 355 2244 tulit:
381 2199 436 2243 Et
463 2195 555 2258 ipse
584 2195 701 2243 circa
723 2195 898 2258 Pulpud
918 2212 1041 2242 oram
1073 2196 1294 2242 tuebatur.

588 2294 624 2338 L
671 2295 689 2338 1
735 2293 767 2338 B
814 2292 917 2338 R·1
992 2292 1175 2338 CXX.

471 2386 551 2430 Ex
582 2388 737 2430 Senecae
753 2384 891 2443 patris
914 2382 1117 2442 Suasoricz
1131 2382 1279 2441 sexta,

224 2506 229 2515 ¹
295 2484 362 2531 M.
393 2481 560 2531 Cicero
579 2517 593 2541 ‚
623 2481 703 2528 sub
731 2480 977 2529 adventum
1010 2479 1386 2527 Triumvirorum
1424 2476 1516 2539 cefff,
