1617 2963
272 192 335 237 ⁶12
436 187 534 237 104
570 183 1066 234 FREINSHEMII
1113 183 1471 234 SUPPLEM.

331 295 483 336 XXIII.
516 295 716 341 Ceterum,
744 294 801 332 uti
828 305 912 332 mos
947 290 1118 341 Parthis,
1144 294 1184 331 in
1218 293 1362 332 diversa
1391 294 1567 334 intende-

271 367 362 396 runt
387 359 519 409 fugam
535 388 546 405 ‚
579 355 865 407 insequentibus
895 356 1092 395 Romanis.
1126 355 1275 394 Idcirco
1298 356 1481 405 Pacorus,
1502 371 1566 397 ca-

272 419 347 459 stra
374 419 541 458 Ventidii
575 417 735 457 discelsu
760 417 958 468 legionum
987 417 1063 455 fine
1099 417 1361 458 defensoribus
1396 428 1567 469 repertu-

269 491 354 518 rum
376 480 550 530 sperans,
573 492 620 518 eo
647 480 840 529 impetum
866 478 1065 516 convertit.
1107 478 1309 518 Enimvero
1337 479 1562 530 Romanus,

270 541 404 579 ceteris
436 541 560 581 subito
588 541 726 583 emiffis
752 539 988 591 legionibus„
1024 541 1283 581 consternatos
1313 544 1346 581 ἅ
1376 542 1471 582 locis
1494 544 1566 582 ini-

274 605 359 651 quis
396 604 682 643 circumventos
717 603 869 643 cecidit.
912 603 1074 642 Pacorus
1111 604 1210 643 inter
1238 605 1382 654 primos
1413 604 1565 644 fortiffi-

268 676 334 703 me
360 677 538 716 pugnans
561 666 764 714 occubuit3
792 666 1032 716 reliquorum
1061 670 1174 716 pauci
1199 679 1267 716 pro
1296 678 1456 717 corpore
1478 668 1563 715 ejus

271 737 560 777 propugnantes
580 759 591 777 ,
620 741 758 779 magna
794 727 1030 776 multitudo,
1060 740 1148 767 cum
1177 738 1340 778 pontem
1367 736 1562 778 peterent,

264 790 471 838 occupati,
495 798 658 841 totoque
688 791 787 829 inter
813 789 1045 840 Euphratem
1078 792 1114 829 ὁὶ
1144 790 1336 832 Orontem
1369 790 1448 828 finu
1471 803 1563 829 con-

268 849 334 887 cifi
369 850 481 901 sunt3
518 852 699 892 nonnulli
743 853 792 892 ad
831 852 1068 892 Antiochum
1114 851 1393 903 Commagenes
1430 865 1566 902 regem.

262 912 526 964 perfugerunt.
545 946 551 954 .
567 916 769 955 Ventidius
788 947 798 964 ³
821 929 1056 966 quamquam
1088 917 1199 955 tertio
1227 918 1307 965 jam
1334 915 1472 966 proelio
1498 917 1560 954 vi-

265 977 372 1023 ctor,
405 977 445 1016 in
479 979 654 1018 Mediam
678 979 1081 1028 mesopotamiamque
1109 978 1264 1018 Parthos
1289 976 1554 1028 compulerat,

259 1035 415 1077 invidiae
437 1039 602 1079 vitandae
625 1040 735 1080 causa
764 1053 843 1079 non
872 1040 1035 1090 amplius
1063 1039 1217 1087 institit;
1249 1039 1313 1078 sed
1342 1040 1390 1078 ad
1417 1040 1559 1089 perdo-

258 1100 426 1139 mandos
457 1102 671 1142 defestores
711 1116 816 1142 arma
857 1103 1158 1148 circumferens,
1194 1101 1378 1152 pleraque
1412 1114 1458 1140 ex
1492 1102 1555 1141 iti-

255 1172 350 1200 nere
375 1164 521 1214 recepit
541 1193 554 1211 ‚
578 1164 658 1204 viso
690 1166 816 1215 capite
839 1165 994 1213 Pacori,
1016 1166 1122 1216 quod
1147 1165 1246 1203 circa
1272 1166 1444 1204 civitates
1469 1164 1555 1202 mit-

259 1222 389 1274 rebat,
416 1233 477 1273 ut,
502 1227 635 1277 perisse
657 1227 857 1278 regulum,
880 1227 1150 1278 intelligerent.
1183 1228 1362 1277 Namque
1389 1226 1469 1277 Syri
1488 1226 1556 1265 Pa-

259 1297 419 1332 corum,
447 1289 596 1337 justitia:
629 1302 674 1328 ac
709 1290 921 1330 clementiae
954 1291 1112 1330 nomine
1133 1321 1143 1338 ‚
1178 1290 1262 1340 plus
1293 1302 1409 1340 quam
1432 1287 1552 1328 alium

256 1346 383 1388 ullum
410 1362 537 1401 regem
580 1352 807 1403 diligentes,
839 1366 1082 1404 nequaquam
1115 1352 1328 1402 deserturi,
1350 1351 1417 1390 nis1
1451 1364 1553 1390 mor-

254 1414 391 1459 tuum,
421 1403 682 1454 videbantur.⁴¹

309 1482 460 1523 XXIV.
494 1485 563 1524 His
582 1486 745 1535 receptis
760 1516 770 1533 ‚
791 1487 830 1525 in
853 1486 1142 1537 Commagenen
1172 1486 1307 1525 cincius
1333 1485 1550 1530 exercitus,

256 1540 437 1592 Parthos,
464 1560 560 1597 quos
584 1560 630 1587 eo
654 1548 866 1598 confugisse
892 1548 1056 1588 diximus
1073 1579 1085 1595 ‚
1113 1561 1191 1587 non
1218 1548 1393 1586 tradente
1421 1546 1551 1586 Antio-

256 1604 345 1645 cho.
374 1607 438 1646 sed
465 1609 550 1659 plus
588 1609 788 1650 celebratae
814 1614 911 1661 regis
936 1625 1028 1662 opes
1061 1612 1261 1650 avaritiam
1291 1609 1462 1649 Ventidii
1489 1608 1551 1647 sti-

255 1666 469 1716 mularant,
505 1680 548 1710 ut
588 1672 783 1712 Samosata
822 1673 1021 1712 obfidione
1058 1673 1269 1712 clauderet.
1303 1673 1424 1718 Inde,
1456 1671 1548 1721 quia

254 1728 355 1765 nihil
392 1731 469 1777 jam
505 1732 702 1782 indigebat
730 1741 790 1772 tot
822 1732 1067 1785 legionibus,
1111 1734 1202 1771 duas
1234 1726 1322 1771 cum
1355 1731 1548 1782 equitibus

255 1789 388 1836 mille,
416 1792 608 1834 Machaera
637 1795 764 1842 duce,
791 1795 840 1833 ad
861 1795 1062 1834 Herodem
1093 1795 1213 1842 misit,
1236 1807 1323 1834 cum
1350 1795 1545 1845 Antigono

258 1848 479 1891 bellantem.
505 1854 580 1893 Sed
611 1854 805 1894 Maehaera
835 1854 920 1906 plus
943 1856 1074 1895 damni
1104 1857 1260 1904 amicis,
1287 1871 1402 1907 quam
1432 1857 1547 1896 hosti-

255 1911 350 1961 bus,
375 1914 577 1955 inserendo
592 1947 603 1964 ,
622 1918 744 1956 movit
760 1918 955 1958 Herodem
972 1950 983 1967 ‚
1008 1926 1051 1958 ut
1070 1919 1120 1958 ad
1145 1920 1352 1959 Antonium
1369 1932 1547 1970 propera-

254 1984 338 2021 ret,
362 1988 475 2025 quem
500 1978 641 2017 venisse
657 1979 852 2018 Samosata
881 1988 1130 2030 compererat„
1161 1981 1316 2031 Quippe
1340 1982 1542 2020 Ventidius

253 2034 432 2075 offerenti
469 2037 573 2078 mille
603 2038 744 2079 talenta
774 2039 1036 2090 Commageno
1068 2053 1206 2091 pacem
1238 2042 1327 2081 dare
1356 2054 1434 2079 non
1461 2049 1542 2079 erat

251 2096 386 2146 ausu83
412 2099 640 2149 prohibente
676 2103 864 2149 Antonio,
890 2104 958 2152 qui
978 2105 1058 2152 jam
1087 2102 1191 2143 haud
1217 2103 1333 2153 longe
1354 2102 1535 2152 semotus,

253 2159 364 2199 suum
395 2159 469 2200 hoc
496 2164 615 2203 videri
649 2178 744 2215 opus
770 2164 943 2214 volebat,
971 2179 1043 2205 nec
1067 2179 1133 2216 per
1160 2166 1383 2204 Ventidium
1410 2167 1541 2204 omnia

252 2220 348 2262 fieri.
379 2223 453 2263 Sed
480 2225 639 2273 obseffi‚
668 2240 763 2278 pace
790 2228 1008 2278 desperata,
1035 2228 1167 2267 fortius
1194 2226 1540 2279 repugnantes‚eo

251 2285 411 2325 tandem
432 2287 641 2339 adegerunt
657 2290 884 2330 obsess'orem
900 2321 911 2339 ,
929 2300 971 2330 ut
987 2322 999 2338 ,
1026 2294 1193 2342 acceptis
1209 2291 1359 2330 talentis
1383 2299 1540 2329 trecen-

251 2352 324 2395 tis,
354 2351 388 2386 ἃ
411 2350 560 2391 duobus
597 2352 807 2391 admodum
838 2353 1032 2393 obsidibus
1066 2367 1143 2393 non
1167 2352 1279 2393 valde
1306 2351 1533 2400 illustribus,

253 2411 539 2459 acquiesceret:
570 2413 744 2452 conceffo
779 2414 934 2453 vicissim
953 2446 965 2463 ‚
998 2425 1041 2455 ut
1068 2415 1115 2454 ab
1153 2414 1343 2455 Antiocho
1378 2414 1534 2463 quidam

255 2472 498 2522 Alexander,
543 2477 607 2527 qui
642 2476 893 2529 transfugerat
940 2478 988 2517 ad
1027 2478 1246 2527 Romanos,
1281 2468 1531 2516 occideretur.
