1617 2963
295 188 386 219 110
451 173 550 219 JO.
590 167 1099 243 lfRfflNSHEMll
1137 166 1488 217 SUPPLEM;

287 279 399 318 Hanc
425 279 465 317 in
495 274 720 315 sententiam
750 273 924 323 locutus,
953 273 1144 324 principes
1180 275 1410 324 amicorum,
1435 289 1482 315 ne
1506 274 1563 315 su-

284 341 475 390 periorum
506 334 684 385 exemplo
718 335 988 386 profugerent,
1014 336 1053 374 in
1076 349 1193 376 naves
1220 337 1428 387 imposuit:
1455 337 1573 391 jussis>

283 417 359 443 una
386 401 641 441 conscendere
671 398 945 449 sagittariorum
977 398 1153 448 duobus,
1179 399 1473 450 legionariorum
1505 400 1561 438 vi-

283 467 379 517 ginti
402 462 582 503 millibus.
609 462 725 511 Quod
754 462 854 501 enim
880 462 1062 502 Caesarem
1084 461 1213 502 Siculo
1240 462 1341 502 bello
1374 464 1559 503 vietorem

280 523 407 564 feciffe
434 522 656 573 magnitudo
686 522 854 561 maxime
890 523 1071 571 navium,
1103 524 1138 562 δε
1165 522 1373 562 multitudo
1418 534 1560 572 propu-

280 596 483 639 gnatorum
507 585 756 633 credebatur·‚
789 585 867 636 ipse
894 599 1044 636 quoque
1068 596 1273 637 utrumque
1305 586 1445 624 imitari
1468 596 1560 623 con-

278 648 411 687 stituit.
436 647 534 697 Ergo
559 648 594 685 &a
631 646 801 685 triremes
831 659 927 685 raras
959 647 1191 694 aedificarat,
1218 655 1362 687 ceteras
1386 645 1434 685 ab
1463 657 1559 695 qua-

280 709 396 749 ternis
427 707 543 758 usque
569 707 616 746 ad
642 707 762 746 denos
785 707 957 754 ordines,
989 719 1077 746 cum
1106 707 1270 758 praealtis
1301 707 1480 746 turribus,

334 771 453 812 XLV.
483 770 645 817 Ferunt,
670 783 757 808 cum
790 777 925 819 praeter
956 769 1065 808 illum
1099 770 1268 821 legiones
1295 771 1334 809 in
1360 769 1470 808 claffe
1490 782 1558 819 pu-

282 839 449 883 gnaturae
486 830 734 877 incederent,
783 837 1003 867 veteranum
1048 830 1313 868 centurionem
1353 840 1488 878 magna
1525 828 1561 866 ἃ.

282 891 525 944 queribunda
552 901 646 928 voce
672 888 897 927 exclamasse
911 919 921 938 ,
943 890 1083 942 Ergone
1099 891 1155 928 his
1171 890 1389 929 cicatricibus
1407 889 1561 942 (osten-

281 954 398 993 debat
436 953 539 991 enim
580 951 794 1001 frequentes
833 961 915 990 toto
955 952 1113 991 adverso
1158 952 1348 1003 corpore)
1376 952 1562 1004 gladioque

279 1016 438 1070 d1ffisus‚
467 1016 668 1065 imperator,
695 1015 778 1066 spes
810 1025 890 1052 tuas
916 1015 972 1051 liis
1005 1015 1140 1052 nullius
1174 1015 1256 1066 ufils
1291 1015 1399 1067 lignis
1429 1027 1561 1051 concrc-

280 1080 370 1117 des?
400 1076 455 1114 At
474 1071 537 1128 istiz
563 1074 786 1112 Plzoenicibus
809 1076 843 1113 δ’
861 1075 1052 1127 AEgyptiis
1071 1075 1176 1127 digna
1202 1075 1247 1126 est
1278 1075 1430 1119 militia:
1459 1072 1561 1110 nohis

279 1154 402 1179 terram
419 1140 530 1190 praebe
545 1167 556 1185 ‚
570 1132 606 1175 in
631 1152 700 1189 qua
724 1149 785 1175 aut
809 1138 941 1175 vincere
955 1168 965 1184 ,
989 1149 1049 1176 aut
1068 1137 1257 1175 occumbere
1275 1136 1473 1174 didicimus.
1491 1132 1561 1174 Ille

280 1201 381 1241 nihil
407 1201 455 1240 ad
489 1200 582 1238 haec.
617 1198 692 1239 Sed
733 1207 828 1237 nutu
862 1207 1037 1246 tantum,
1076 1211 1268 1248 manuque
1309 1206 1412 1236 mota
1439 1195 1561 1235 osten·

282 1267 398 1311 ἀεηε,
428 1264 574 1304 bonum
606 1263 776 1301 animum
807 1263 843 1301 ei
867 1261 1108 1307 habendum,
1150 1261 1336 1311 praeteriit.
1376 1260 1452 1300 Sed
1480 1257 1559 1308 ipse

280 1327 439 1367 tristium
464 1326 603 1375 potius,
622 1337 737 1375 quam
767 1323 966 1362 meliorum
992 1324 1142 1373 objecta
1163 1324 1327 1373 imagine
1341 1352 1351 1369 ,
1372 1322 1450 1359 vela
1471 1334 1559 1359 com-

275 1388 410 1440 portari
435 1386 595 1436 J'ubebat
630 1387 667 1424 in
700 1401 832 1434 naves,
868 1397 905 1424 ut
944 1385 1088 1425 scilieet
1123 1386 1343 1439 persequendi
1376 1383 1559 1435 fitgitivos

282 1450 391 1501 hostes
405 1447 569 1500 facultas
591 1447 700 1501 finer.
739 1448 787 1487 At
817 1447 959 1494 Caesar,
985 1447 1140 1486 confilio
1175 1447 1332 1487 Antonii
1358 1458 1403 1484 ex
1433 1453 1561 1483 trans-

282 1510 382 1560 fugis
413 1509 592 1560 cognito,
625 1509 693 1548 fibi
723 1522 873 1559 quoque
908 1517 995 1548 ante
1023 1509 1227 1548 discrimen
1254 1507 1447 1559 agendum
1469 1517 1557 1544 cum

257 1571 453 1611 ‚exercitu
476 1578 577 1610 ratus
595 1600 606 1617 ‚
632 1569 820 1619 ejusmodi
846 1571 1059 1610 orationem
1092 1570 1240 1609 habuit.

338 1633 475 1674 XLVI.
505 1634 666 1671 Eventus
696 1633 858 1671 bellorum
880 1647 944 1686 pro
972 1634 1121 1671 bonitate
1146 1632 1258 1683 causae
1282 1630 1478 1684 plerumque
1497 1629 1560 1682 ju—

277 1698 376 1750 stitia
402 1696 578 1735 numinum
603 1696 818 1749 dispensari,
843 1711 912 1734 non
944 1696 1045 1735 hodie
1070 1697 1201 1733 demum
1230 1694 1343 1732 herive
1370 1691 1461 1731 credi
1495 1706 1557 1729 coc-

282 1760 337 1811 pit
354 1773 366 1806 3
376 1759 443 1810 sed
459 1758 550 1795 omni
573 1769 756 1809 temporum
780 1758 937 1796 memoria
963 1757 1129 1809 constanti
1149 1756 1302 1808 priorum
1326 1753 1559 1806 observatione:

285 1819 391 1857 veluti
413 1832 476 1869 per
493 1832 618 1855 manus
651 1819 812 1856 traditum
838 1819 892 1870 est.
919 1819 1033 1870 Igitur
1056 1818 1134 1855 licet
1159 1818 1210 1854 ita
1229 1816 1350 1868 parati
1364 1817 1497 1867 fimus,
1520 1825 1557 1851 ur

285 1881 343 1920 vel
367 1878 527 1933 injustum
556 1879 678 1918 bellum
702 1880 797 1933 satis
824 1880 922 1933 filix
939 1880 1017 1933 fhre
1051 1880 1214 1931 confidere
1246 1880 1426 1917 debeamus
1435 1893 1452 1925 ;
1472 1877 1558 1929 plus

287 1955 401 1981 tamen
430 1942 570 1991 fiduciae
593 1942 630 1978 in
656 1957 693 1980 eo
721 1956 867 1993 repono,
901 1943 1063 1995 vobisque
1096 1942 1278 1994 reponendi
1303 1943 1382 1992 fitm
1415 1942 1556 1983 αιιὲἶον,

286 2005 381 2057 quod
400 2018 469 2042 non
486 2003 615 2056 fizl‘luri
645 2002 832 2055 injuriam,
851 2005 917 2057 fid
935 2006 1141 2043 intentatam
1168 2002 1355 2055 repulsuri,
1373 2002 1434 2038 hoc
1460 2000 1557 2052 quid-

286 2067 373 2119 quid
399 2068 443 2118 est
454 2066 602 2117 periculi
620 2066 826 2118 subibimuS.

357 2127 512 2167 XLVII.
557 2127 699 2178 Ecquid
723 2127 811 2164 enim
843 2129 1003 2166 Romano
1040 2127 1170 2179 populo
1189 2156 1200 2174 ,
1229 2125 1381 2178 gentium
1409 2123 1558 2162 omnium

287 2189 454 2243 principi,
471 2189 706 2241 plerarumque
725 2189 867 2236 νὶἐῖονί,
888 2190 1039 2227 accidere
1056 2189 1237 2242 indignius
1255 2185 1437 2241 potufft‚
1454 2199 1555 2238 quam

291 2254 384 2305 quod
406 2253 570 2303 adversus
599 2252 834 2304 Cleopatram,
862 2255 957 2304 quast
983 2254 1126 2305 hostem,
1156 2265 1253 2291 tanto
1282 2266 1355 2290 cum
1385 2263 1557 2304 apparatu

286 2313 460 2368 proficisci
491 2312 677 2365 cogimur?
715 2314 806 2352 Sane
826 2328 885 2366 ego
913 2316 979 2353 hac
1009 2315 1125 2352 nuntii
1140 2314 1302 2366 foeditare
1331 2328 1398 2353 non
1418 2315 1558 2367 fhlum,

281 2376 320 2425 fi
335 2375 394 2426 qui
421 2374 573 2413 manium
595 2376 718 2428 senfizs
747 2377 816 2428 est,
844 2377 948 2414 valde
969 2377 1159 2428 permoveri
1193 2377 1392 2423 Fabricios,
1424 2376 1559 2427 Scipio-

342 2489 363 2532 ς
388 2489 510 2525 XLIV.
532 2490 619 2525 Plutf
637 2489 672 2523 in
700 2489 829 2523 Aaron.
853 2490 874 2535 g
899 2489 1001 2527 XLV.
1022 2490 1102 2524 Dio.
