1617 2963
242 165 311 221 {64
399 163 492 209 JO.
526 160 1021 207 FREINSHEMII
1062 160 1416 212 SUPPLEM.

245 270 341 322 regni
370 271 522 308 timorem
553 269 684 306 Medus
717 267 897 320 incidiffiet.
942 268 978 308 Is
1013 268 1127 319 igitur
1163 270 1371 308 Antonium
1408 265 1525 308 exciri

244 331 422 382 jusserat,
452 341 584 368 omnes
609 341 701 384 opes
727 329 811 368 suas
835 330 875 368 in
896 329 986 369 belli
1017 330 1241 370 societatem
1265 330 1438 370 offerens.
1463 329 1525 368 Id-

247 406 320 444 que
347 393 470 431 sacere
503 393 608 430 tanto
640 388 813 441 cupidius
839 392 1091 441 credebatur,
1117 402 1159 432 ut
1181 394 1367 433 Armeniae
1396 404 1525 442 regem

244 454 506 502 ulcisceretur,
521 454 735 503 iratumque
762 454 797 492 ei
819 455 1031 494 Antonium
1059 455 1284 502 attraheret,
1299 468 1320 494 a
1341 467 1417 505 quo
1436 456 1529 492 con-

245 523 304 555 tra
330 515 366 553 se
393 505 696 564 quoque'nuper
729 515 920 556 adductos
944 516 1099 555 eosdem
1135 516 1328 555 Romanos
1359 512 1527 553 dolebat.

301 586 349 626 ll.
398 586 518 636 Igitur
548 586 761 635 Antonius,
796 587 891 627 nihil
925 588 1156 627 addubitans
1191 587 1388 626 vistoriam
1420 583 1525 623 suam

244 650 348 695 sore,
371 648 404 703 ‚fi
437 648 643 688 Medorum
677 647 874 698 sagittariis
907 651 941 688 Sc
974 648 1190 698 equitibus,
1218 660 1300 698 quae
1334 646 1525 696 superiore

243 710 346 749 bello
370 710 448 750 sola
472 710 537 761 ipsi
566 709 731 760 praesrdia
757 710 979 755 defuerant,
1007 712 1431 760 adjuvaretur‚novam
1460 719 1526 746 ex·

242 772 481 824 peditionem
517 773 697 822 parabat,
731 780 773 811 ut
813 773 861 810 ad
895 772 1055 809 Araxem
1092 770 1252 812 fluvium
1287 772 1407 814 Medo
1438 783 1528 809 con-

243 837 422 883 jundus,
451 836 640 884 impetum
670 835 710 873 in
749 832 973 872 Parthorum
1007 833 1201 882 regionem
1235 833 1390 873 faceret.
1424 833 1528 873 Inte-

244 899 315 935 rim
347 905 388 935 ut
415 897 657 935 Artavasdem
681 895 901 933 Armenium
920 893 1008 930 dolo
1036 902 1211 943 caperet,
1234 894 1407 933 evocavit
1421 907 1526 941 eum,

245 957 347 1002 quali
384 957 432 991 de
462 957 673 991 rationibus
708 952 869 1002 suscepti
912 952 1002 993 belli
1040 954 1323 994 deliberaturus.
1361 955 1436 993 Sed
1470 954 1527 988 illi

241 1014 345 1052 fraus
374 1012 563 1062 subolust,
588 1026 660 1052 nce
685 1013 721 1052 se
762 1015 949 1053 commisit
976 1017 1144 1055 Antonio
1188 1024 1418 1066 quapropter
1438 1012 1526 1060 hic,

243 1074 474 1115 dissimulata
493 1074 546 1113 ira
560 1104 571 1122 ,
592 1074 659 1113 sub
676 1076 797 1125 specie
823 1075 910 1114 belli
934 1077 1122 1126 Parthici,
1144 1077 1383 1127 oppressurus
1405 1075 1527 1123 impa-

241 1146 365 1174 ratam
390 1137 609 1175 Armenium
637 1149 684 1175 ex
712 1137 876 1187 AEgypto
901 1137 1032 1176 movit.
1071 1137 1228 1178 Interim
1252 1141 1287 1178 &
1307 1139 1389 1177 Sex.
1419 1135 1525 1174 Pom-

242 1199 353 1247 pejus
391 1197 466 1236 hoc
521 1198 687 1236 maxime
729 1199 847 1237 modo
898 1199 1177 1238 calamitatibus
1227 1197 1410 1247 bellisque
1450 1197 1526 1236 suis

242 1258 361 1297 finem
389 1258 582 1308 imposuit.
619 1258 714 1296 Cum
747 1259 922 1298 Meffanae
952 1260 1104 1299 suorum
1133 1260 1223 1298 fidei
1264 1258 1424 1306 diffisus,
1458 1271 1526 1307 per

243 1320 364 1359 altum
397 1319 480 1359 vela
512 1320 701 1359 faeturum
735 1320 901 1369 dixiffet3
926 1321 1105 1361 exstineto
1136 1321 1240 1360 navis
1269 1319 1451 1371 praetoriae
1472 1317 1528 1358 lu-

243 1383 370 1428 mine,
399 1395 507 1421 oram
544 1381 662 1421 Italiae
701 1381 817 1432 legit:
846 1381 1083 1434 spoliatoque
1114 1384 1236 1423 obiter
1263 1382 1425 1431 Junonis
1458 1382 1527 1422 La·

243 1447 351 1484 ciniae
385 1445 502 1492 fano,
546 1445 750 1495 Corcyram
784 1454 898 1495 atque
932 1446 1220 1496 Cephalleniam
1256 1447 1461 1493 advectus,
1486 1447 1527 1485 in

245 1506 430 1558 quosdam
447 1507 613 1556 suorum,
632 1508 729 1546 forte
742 1509 779 1546 vi
795 1509 1025 1559 tempestatis
1045 1510 1184 1548 eodem
1199 1510 1339 1557 ejeetos
1351 1540 1362 1557 ‚
1377 1506 1528 1546 incidit.

311 1577 378 1617 III.
409 1578 492 1617 Nec
523 1587 650 1616 tamen
674 1578 837 1618 affumfit
861 1593 1014 1632 omnes3
1043 1580 1133 1628 sed,
1158 1579 1327 1631 exposito
1347 1578 1525 1631 periculo,

233 1643 271 1692 fi
286 1640 468 1693 pauciores
482 1671 493 1686 ,
515 1635 671 1692 quantur
682 1642 723 1693 ft
742 1640 917 1692 defendere
932 1672 943 1690 a
968 1642 1108 1694 plures,
1137 1656 1239 1694 quam
1262 1652 1300 1678 ut
1320 1641 1422 1678 latere
1446 1639 1527 1690 post

235 1704 454 1754 ftnt‚fimul
474 1704 688 1752 incederem,
711 1703 911 1754 plerosque
938 1704 1053 1743 aliam
1081 1705 1169 1743 alibi
1196 1704 1402 1754 aequiorem
1427 1716 1526 1753 quae-

244 1775 325 1801 rere
352 1763 545 1801 fortunam
582 1765 722 1813 coegit.
752 1775 839 1801 cum
865 1765 998 1803 ceteris
1033 1764 1343 1814 Mitylenaeorum
1371 1773 1525 1813 portum

245 1823 394 1871 tenuit,
429 1837 501 1874 qua
526 1824 565 1862 in
594 1824 750 1862 civitate
784 1824 886 1863 bello
925 1825 1026 1864 civili
1065 1839 1170 1875 pater
1197 1826 1397 1875 Pompejus
1424 1825 1527 1863 hunc

244 1898 407 1936 puerum
434 1885 583 1931 adhuc,
613 1897 701 1924 cum
730 1899 892 1926 noverca
917 1887 1093 1926 Cornelia
1115 1887 1363 1937 deposuerat,
1392 1885 1529 1926 &tes-

246 1947 317 1987 biis
345 1961 433 1988 eum
462 1949 512 1986 ob
550 1948 665 1998 patris
697 1951 919 1988 memoriam
956 1950 1095 1998 cupide
1131 1949 1420 1999 recipientibus,
1448 1948 1529 1988 hie-

246 2022 349 2048 mem
380 2009 431 2046 ibi
472 2009 619 2059 exigere
654 2010 798 2058 statuit,
825 2012 928 2060 quod
959 2012 1168 2056 Antonius,
1198 2012 1245 2048 ad
1272 2024 1385 2060 quem
1421 2011 1524 2057 ibat,

244 2073 284 2109 in
311 2070 485 2110 Mediam
522 2070 733 2120 processisse
769 2072 1023 2110 nuntiabatur.
1061 2073 1134 2111 Sed
1166 2072 1361 2122 postquam
1394 2072 1526 2122 praefe-

246 2135 350 2185 etum
381 2133 468 2171 Afiae
497 2133 536 2171 C.
565 2132 746 2174 Furnium
780 2134 843 2172 fibi
870 2148 1000 2184 purum
1027 2136 1193 2173 amicum
1229 2146 1429 2184 expertus,
1451 2136 1527 2175 An.

246 2194 343 2232 tonii
370 2192 638 2243 improsperam
670 2195 777 2233 fuisse
804 2195 1020 2234 Parthicam
1047 2196 1336 2245 expeditionem
1368 2198 1524 2247 didicit;

245 2256 286 2294 in
324 2254 441 2307 spem*
465 2257 652 2295 addudus
702 2257 779 2305 est,
823 2257 1011 2308 liquidem
1045 2258 1195 2309 perill‘et
1230 2260 1416 2299 Antonius
1439 2291 1450 2310 ,
1485 2261 1526 2300 in

293 2384 315 2428 5
348 2384 375 2417 1.
409 2384 489 2418 Dio.
518 2384 627 2418 Stmb.
656 2388 680 2422 l.
713 2396 765 2422 12,
791 2389 936 2433 Appian.
960 2389 1050 2425 Plut.
1073 2390 1107 2424 in
1137 2391 1269 2426 Anton.
1287 2403 1317 2426 c.
1346 2392 1400 2426 680
1429 2392 1452 2438 §
1481 2392 1525 2429 11.

252 2436 341 2476 l'ff'lut.
367 2437 447 2471 Dio.
478 2436 627 2481 Appian.
