1617 2963
235 226 334 271 2¹4

320 350 1416 455 JOANNISFREINSHEMH

243 529 1517 619 SUPPLEMENTORUM

369 675 1408 793 LIVIANORUM

658 873 960 923 LIBER
1024 873 1080 922 C.

372 1007 444 1049 IN
487 1006 723 1048 LOCUM
761 1005 877 1047 LIB.
919 1005 1111 1046 CXXXV
1147 1003 1417 1045 LIVIANI.

248 1149 407 1179 5..-.....

736 1155 1526 1181 —ss-——ffl-n—:g

578 1259 622 1313 E
672 1258 713 1313 P
765 1258 787 1311 Ι
839 1257 889 1312 T
940 1256 995 1314 O
1046 1258 1109 1313 M
1159 1258 1204 1313 E

270 1393 1510 1445 maiziCENTEsmnTR10E51M1QU1NT1.

249 1545 392 1585 'Bellum
422 1559 445 1581 a
470 1545 527 1582 M.
554 1543 668 1595 Craffi
701 1544 866 1597 advcrfics
899 1543 1076 1592 Thracas,
1101 1543 1135 1582 δ’
1157 1558 1178 1580 α
1204 1544 1333 1596 Caefizre
1366 1543 1533 1592 adversus

278 1605 466 1659 Hispanos
484 1606 608 1658 gestum
634 1605 795 1657 testum,-
812 1605 846 1644 6³
868 1604 1013 1656 Salaffi,
1036 1618 1122 1657 gens
1139 1605 1298 1657 Alpina,
1312 1604 1507 1657 perdomiti,

250 1767 283 1808 Ξ.
312 1717 547 1807 EADEM
570 1765 693 1805 aestate
716 1765 770 1805 M.
791 1766 956 1806 Licinius
983 1765 1127 1806 Crassus
1152 1765 1206 1806 Μ.
1229 1765 1270 1805 F.
1286 1765 1344 1806 M.
1365 1765 1413 1806 N.
1438 1777 1527 1816 pro-

253 1827 411 1868 consule
435 1840 483 1866 ex
506 1826 671 1866 Thracia
695 1828 730 1866 ἃ
761 1827 886 1876 Getis,
914 1841 945 1867 a.
965 1828 1001 1866 d.
1029 1828 1079 1867 lv
1095 1829 1197 1867 Non.
1221 1826 1296 1875 Jul.
1321 1827 1533 1878 triumpha.

252 1891 323 1930 vit.
348 1889 531 1929 Bastarnae
555 1901 706 1938 nuperae
736 1888 856 1928 cladis
886 1889 1020 1928 dolore
1042 1888 1292 1929 Dentheletas
1325 1891 1361 1929 Sc
1386 1890 1533 1937 Sitam‚

254 1951 393 2002 quibus
423 1950 647 1989 calamitatis
674 1950 748 1988 suae
777 1951 929 1990 causam
954 1951 1222 2002 imputabant,
1249 1952 1399 2001 adorti,
1432 1953 1536 1991 exci-

254 2021 385 2053 tarunt
413 2013 660 2060 Romanum,
704 2012 779 2052 illis
818 2012 994 2063 gentibus
1033 2022 1149 2063 atque
1180 2014 1397 2065 regionibus
1439 2013 1533 2054 belli

255 2076 421 2117 minime
451 2082 710 2125 appetentem.
749 2075 951 2124 Ceterum,
972 2083 1016 2115 ut
1042 2076 1229 2126 inquietas
1256 2076 1430 2115 nationes
1455 2089 1538 2127 gra-

255 2138 363 2178 viore
391 2137 532 2176 damno
560 2137 754 2187 castigatas
781 2139 820 2175 in
847 2137 1000 2188 longius
1022 2146 1204 2188 pacaret,
1239 2137 1438 2189 diligenter
1471 2140 1536 2177 in-

258 2200 407 2240 struitis
439 2198 643 2248 omnibus,
677 2212 832 2250 operam
858 2201 993 2248 dedit,
1032 2209 1073 2240 ut
1108 2201 1300 2252 imparatis
1324 2200 1537 2252 superveni..

261 2270 331 2301 ret.
357 2262 536 2312 Juvitque
557 2261 755 2301 confilium
781 2262 959 2311 fortuna3
987 2266 1023 2303 ἅ
1048 2263 1255 2314 profligatis
1275 2263 1350 2303 levi
1378 2265 1533 2315 negotio

259 2323 450 2371 barbaris,
480 2322 582 2374 leges
610 2326 735 2374 pacis,
770 2324 899 2375 quales
934 2325 1133 2365 Romanus
1160 2324 1354 2371 voluerat,
1382 2324 1539 2374 impofi-

260 2391 321 2424 tae.
349 2385 466 2425 Viffis
486 2385 690 2433 Bastarnis,
711 2398 802 2426 cum
818 2400 922 2427 arma
940 2387 1054 2426 semel
1075 2387 1251 2438 cepisset,
1270 2386 1399 2425 ulcisci
1415 2386 1537 2425 Thra-

262 2458 327 2484 cas
360 2459 512 2497 quoque
534 2447 680 2496 statuit,
716 2448 779 2498 qui
806 2449 922 2498 priori
950 2449 1195 2499 expeditione
1217 2461 1237 2487 e
1259 2448 1393 2488 Moesia
1413 2460 1535 2486 rever,

261 2515 408 2553 tentem
440 2510 649 2553 latrociniis
677 2520 938 2562 vexaverant,
977 2513 1012 2555 δε
1038 2521 1121 2554 tum
1150 2523 1301 2566 quoque
1338 2509 1433 2552 nihil
1466 2523 1540 2562 pa-
