1617 2963
246 147 308 195 80
405 148 495 193 JO.
539 142 1030 191 FRElNSHEMII
1067 141 1428 190 SUPPLEM.

243 268 318 306 que
355 253 589 294 sermonibus
625 249 721 289 nihil
759 249 825 289 nisi
872 249 1028 289 sumniae
1066 248 1344 290 benevolentiae
1379 250 1526 302 signum

243 317 456 368 praeferens.
481 313 587 355 Nihil
612 312 660 351 ad
682 311 765 352 haec
787 320 896 350 moto
921 311 1144 360 Artavasde‚
1169 312 1311 363 quippe
1326 311 1398 356 alia
1423 324 1528 351 com·-

241 377 417 417 meruiss'e
443 387 620 422 memor,
653 374 771 413 fidere
803 386 883 413 non
919 373 1150 423 properabat
1182 373 1241 423 ei,
1265 387 1379 424 quem
1406 372 1527 414 offen-

242 440 381 487 difl‘et3
418 439 554 476 iterum
580 437 627 477 ab
659 438 827 477 Antonio
857 436 1002 476 Dellius
1031 436 1135 475 adest
1158 432 1247 476 eum
1274 435 1527 477 blandissimis

242 503 461 549 mandatis3
490 512 561 539 nec
594 513 641 540 eo
669 499 821 551 segnius
858 501 1044 540 Antonius
1075 501 1255 540 Artaxata
1292 500 1441 539 tendit‘:
1473 500 1527 539 ita

242 574 309 601 rex
323 591 333 608 ‚
350 562 489 610 partim
509 559 854 611 pollicitationibus
881 561 1092 609 adelmus,
1112 561 1250 612 partim
1274 572 1382 601 metu
1407 560 1527 613 legio·

239 636 356 669 num,
389 636 472 673 quae
500 635 588 662 cum
615 622 783 661 Antonio
808 633 937 670 erant,
964 624 1004 662 in
1028 623 1142 662 castra
1165 625 1246 671 ejus
1276 624 1391 663 venit.

315 684 399 724 XL.
432 683 532 723 Tum
562 697 650 723 vero
689 686 892 734 pecuniam
921 684 986 724 sibi
1015 684 1138 724 deeffe
1172 684 1374 733 simulans,
1401 695 1527 734 neque

240 745 407 785 libenter
431 744 586 783 daturos
614 746 840 793 Armenios,
869 746 936 784 nisi
970 745 1138 796 pignoris
1165 745 1253 786 loco
1288 759 1416 798 regem
1442 745 1530 785 reti-

236 807 370 853 nenti,
398 806 662 846 circumduxit
692 819 782 845 eum
820 807 965 846 circum
993 806 1172 855 castella,
1207 808 1344 858 quibus
1375 806 1526 847 thesau-

239 883 302 910 xos
331 868 503 909 asservari
541 878 707 908 noverat.
743 870 817 909 Sed
843 869 1117 909 infructuosam
1149 870 1183 909 ei
1219 869 1322 909 hanc
1350 869 1529 908 fraudem

240 939 538 982 purpuratorum
570 930 666 980 regis
694 930 902 969 constantia
927 931 1040 979 fecit;
1069 943 1191 981 neque
1225 929 1383 969 castellis
1409 930 1529 969 tradi-

239 994 316 1039 tis,
338 994 373 1031 ἃ
397 991 521 1030 vicem
551 992 653 1041 capti
692 993 807 1042 patris
842 992 994 1032 Artaxia
1024 1004 1179 1042 regnare
1207 990 1330 1040 juffo,
1359 990 1424 1041 qui
1449 1002 1530 1029 ma-

239 1056 367 1094 ximus
396 1062 490 1091 natu
517 1052 682 1091 filiorum
711 1063 802 1092 erat.
828 1054 929 1094 Tum
946 1067 1036 1093 vero
1052 1085 1063 1102 ,
1081 1053 1213 1094 omiffa
1240 1054 1392 1104 penitus
1415 1052 1530 1091 simu·

240 1116 407 1162 latione,
424 1124 566 1153 catenae
581 1115 668 1153 sunt
681 1115 874 1155 Artavasdi
898 1116 1039 1155 additae
1051 1146 1062 1163 ‚
1080 1114 1146 1154 sed
1163 1122 1348 1164 argenteae
1361 1144 1371 1162 ‚
1389 1113 1527 1164 quibus

239 1177 424 1216 videlicet
452 1177 586 1215 vinciri
612 1189 738 1226 regem
757 1176 881 1215 minus
908 1176 1112 1227 indignum
1133 1176 1353 1215 haberetur.
1376 1175 1434 1215 Ita
1450 1172 1530 1213 bel-

239 1239 280 1277 lo
303 1239 523 1284 contracto,
545 1251 632 1276 cum
664 1237 808 1277 subitus
836 1251 901 1276 rex
935 1239 1105 1278 Artaxias
1137 1240 1171 1277 ἅ
1195 1238 1310 1288 patris
1338 1236 1529 1288 insperato

243 1300 329 1339 casu
354 1298 572 1350 perculsus,
603 1299 779 1339 adversus
809 1299 1056 1350 praevalidum
1084 1299 1258 1346 hostem,
1285 1300 1321 1339 &
1348 1299 1389 1338 in
1413 1311 1528 1349 pene-

241 1363 352 1401 tralia
378 1362 480 1412 regni
512 1372 735 1412 receptum,
765 1362 998 1413 improspere
1037 1361 1312 1410 dimicaviffet,
1348 1361 1528 1402 Armenia

241 1432 351 1471 tota,
377 1435 466 1462 cum
489 1424 657 1473 conjuge
684 1424 720 1463 δε
739 1421 823 1462 aliis
848 1422 976 1463 liberis
1004 1422 1216 1463 Artavasdis
1235 1423 1276 1462 in
1299 1423 1529 1473 potestatem

241 1487 401 1527 Antonii
435 1485 629 1524 concessit.
660 1487 831 1525 Artaxias
865 1486 904 1524 in
935 1485 1094 1526 Parthos
1122 1484 1334 1525 exsulatum
1369 1484 1474 1524 abiit.

296 1546 400 1586 XLI.
434 1546 505 1585 His
531 1546 582 1584 ita
610 1545 717 1595 gestis
733 1577 743 1593 ‚
760 1554 803 1584 ut
825 1545 874 1584 ad
899 1545 1046 1595 reliqua
1068 1543 1160 1583 belli
1188 1543 1333 1582 socium
1361 1543 1429 1583 fibi
1444 1543 1528 1584 Me-

242 1610 381 1650 dorum
406 1621 533 1659 regem
567 1607 817 1655 adscisceret,
851 1619 966 1658 quem
997 1607 1185 1646 Armeniis
1218 1606 1426 1655 antiquitus
1450 1604 1528 1644 ho-

241 1671 360 1718 stem,
387 1682 476 1709 cum
505 1668 649 1709 Parthis
678 1681 801 1718 nuper
829 1681 876 1708 ex
902 1668 1040 1718 praedae
1069 1667 1251 1707 Romanae
1277 1665 1461 1705 divisione
1484 1665 1529 1705 si-

245 1732 443 1771 multatem
468 1729 715 1776 contraxisse,
740 1739 995 1779 cognoverat3
1019 1729 1100 1778 ejus
1118 1727 1236 1768 filiam
1264 1726 1330 1767 suo
1356 1727 1435 1766 filio
1461 1727 1530 1767 de-
1589 1726 1595 1731 ”

243 1793 412 1844 spondit.
443 1792 599 1832 Relictis
634 1792 775 1830 deinde
807 1791 1049 1842 legionibus,
1081 1800 1176 1840 quot
1204 1789 1388 1830 Armeniae
1419 1800 1530 1829 tuen-

246 1856 303 1894 dae
335 1853 420 1892 satis
457 1853 536 1892 fore
569 1852 772 1900 credebat,
801 1864 890 1890 cum
935 1863 1065 1891 cetero
1114 1852 1282 1891 exercitu
1323 1851 1530 1903 AEgyptum

241 1917 419 1967 repetiit,
442 1915 788 1965 Alexandriamque
818 1914 1060 1965 triumphans
1087 1913 1265 1953 Romano
1286 1926 1393 1952 more
1419 1914 1531 1952 inve-

243 1981 328 2020 &us
350 1978 411 2018 est.
443 1977 598 2017 Praelata
628 1978 701 2016 fuit
729 1978 864 2028 ingens
899 1978 1024 2028 praeda
1041 2008 1052 2026 ‚
1079 1989 1197 2027 quam
1225 1989 1270 2016 ex
1297 1976 1531 2027 opulentissi-

243 2054 312 2080 mo
340 2052 458 2089 regno
492 2048 677 2089 rapuerat.
712 2039 932 2078 Artavasdes
958 2039 1034 2089 ipse
1063 2051 1149 2078 cum
1174 2052 1293 2078 uxore
1327 2038 1530 2088 liberisque

248 2104 285 2143 &
314 2102 531 2152 purpuratis
555 2109 643 2140 ante
678 2113 831 2140 currum
867 2101 1016 2141 inceffit
1045 2103 1085 2141 in
1110 2102 1255 2140 catenis
1278 2101 1410 2140 aureis.
1438 2100 1530 2139 inde

244 2165 406 2215 prorsus.
430 2165 477 2204 ad
504 2164 744 2214 Cleopatram
776 2165 956 2213 dedmsti,
989 2178 1071 2216 quae
1098 2178 1235 2216 magna
1261 2163 1394 2215 populi
1425 2162 1531 2202 mul-

242 2228 414 2266 titudine
443 2226 671 2266 circumfusa
687 2256 698 2275 ‚
723 2227 763 2265 in
789 2238 968 2278 argenteo
996 2227 1203 2274 tribunali,
1228 2225 1393 2277 sellaque
1415 2238 1531 2266 aurea

245 2287 483 2332 consederat.

300 2374 322 2414 ς
347 2374 502 2407 xxxix.
524 2374 632 2407 Tacit.
655 2374 744 2408 Piut.
761 2375 796 2407 in
821 2375 949 2407 Amon.
973 2385 1002 2407 c.
1031 2373 1083 2411 67.
1116 2370 1239 2416 Venej.
1264 2382 1299 2410 ι,
1327 2369 1381 2403 82.
1406 2367 1533 2404 Zonan

256 2418 280 2461 §
301 2410 369 2450 XL.
393 2420 473 2452 Dio.
500 2418 601 2452 Oros.
620 2420 662 2460 6,
686 2422 730 2450 052.
758 2420 879 2452 Zonar.
901 2419 1036 2459 Ioseph.
1059 2419 1164 2460 antiq.
1190 2416 1263 2448 Jud.
1289 2425 1392 2455 15,5.
1417 2413 1531 2463 Tacit.

259 2463 381 2507 Vellei.
402 2464 422 2509 5
441 2464 529 2499 XLl.
547 2466 670 2499 Zonar.
691 2463 769 2499 Dio.
791 2466 937 2509 Appian.
965 2464 1053 2499 Piut.
1076 2460 1177 2497 Otos.
1199 2459 1337 2505 Ioseph,
1360 2459 1485 2503 Velle).
