1617 2963
226 154 288 218 98
389 154 482 201 JO.
522 153 1015 202 FREINSHEMII
1045 156 1418 222 *SUPPLEM0

224 261 349 301 Ponto
383 260 576 300 miserunt.
617 260 692 299 Sed
727 273 850 311 neque
880 262 1181 304 Nabathaeorum
1218 275 1330 318 atque
1357 270 1509 318 Judaeo-

223 335 310 362 rum
344 321 482 361 auxilia
506 320 731 369 defuerunt3
765 335 997 374 quamquam
1031 325 1122 366 dolo
1158 326 1372 380 Cleopatrae
1401 345 1510 373 com-

224 383 343 424 miffis
375 383 477 423 bello
509 383 672 435 regibus.
704 385 907 436 Tantaque
943 386 1018 425 fuit
1050 388 1244 441 utriusque
1279 396 1506 441 contentio,

224 455 269 485 ut
297 446 544 495 jurejurando
576 445 715 485 milites
743 448 1041 499 adstringerent3
1072 458 1188 500 atque
1218 453 1404 495 Antonius
1431 455 1506 495 suis

223 507 384 548 vicissim
415 507 732 562 obstringeretur,
770 510 809 548 in
843 524 948 564 caput
973 513 1078 564 ficum
1115 511 1356 564 exsecratus,
1378 518 1417 567 fi
1444 530 1509 557 aut

214 583 335 621 pacem
366 583 441 608 cum
462 570 550 623 hoste
571 570 725 623 faceret,
750 583 838 619 aut,
861 571 1011 623 conftflo
1040 573 1152 621 bello,
1175 576 1327 628 amplius
1359 578 1503 630 bimestri.

211 632 411 683 potestatem
444 633 623 682 retineret,
651 634 791 685 senatui
819 633 1016 686 populoque
1057 636 1221 675 Romano
1266 642 1386 678 cutzHa
1420 652 1501 678 tra-

218 693 367 732 diturus.

316 755 458 795 XVIII.
498 757 622 806 Atque
652 756 692 794 id
732 755 826 795 licet
857 755 904 794 ab
940 758 1022 805 ejus
1055 759 1249 808 proposito
1289 759 1500 811 plurimum

215 813 469 865 abhorrebat,
494 825 622 856 tamen
650 817 710 856 vix
735 830 755 855 a
781 816 817 855 se
841 816 966 867 paffus
996 818 1049 857 est
1074 819 1204 860 multis
1231 822 1406 871 precibus
1429 824 1498 862 im-

214 879 380 928 petrari,
412 894 452 916 ne
487 879 661 930 imperium
689 891 771 916 ante
795 880 937 931 sextum
968 895 991 917 a
1022 880 1122 919 bellov
1140 886 1285 936 mensem
1314 887 1498 937 deponeres.

213 940 315 980 Nam
343 940 510 979 vietoriae
531 941 711 990 quidem,
739 940 927 980 aestimatis
964 941 1116 981 Caesaris
1151 943 1298 995 suisque
1327 947 1469 987 viribus
1487 980 1500 996 ,

212 1004 423 1041 maximam
456 1002 562 1053 spem
595 1011 854 1053 conceperat:
887 1017 1047 1044 numero
1079 1005 1271 1056 militum,
1303 1009 1499 1059 equitum,

208 1065 365 1105 navium
391 1065 505 1116 longe
536 1065 735 1116 superior3
773 1068 809 1106 ἃ
839 1067 1036 1116 pecuniis,
1081 1069 1219 1119 quibus
1251 1070 1497 1121 abundabat,

211 1135 479 1177 corrupturum
512 1127 549 1166 se
578 1127 727 1176 sperans
764 1127 915 1167 Caesaris
947 1129 1128 1177 praefidia.
1178 1144 1339 1182 quarum
1369 1146 1494 1174 rerum

210 1187 319 1226 causa
352 1200 508 1238 magnas
533 1187 697 1227 summas
722 1189 1043 1240 circumquaque,
1074 1190 1140 1230 sed
1163 1193 1329 1232 maxime
1354 1195 1395 1233 in
1418 1195 1494 1234 Ita-

205 1249 297 1290 liam
324 1259 438 1300 atque
470 1250 605 1289 urbem
634 1250 754 1301 ipsam
781 1252 969 1292 mittebat.
1012 1253 1126 1293 Unde
1155 1254 1276 1294 Caesar
1304 1257 1493 1296 intentio-

207 1324 268 1350 res
300 1311 441 1361 ubique
471 1312 658 1350 custodias
681 1311 887 1362 disposuit,
913 1313 1171 1366 militibusque
1197 1316 1270 1356 suis
1288 1349 1300 1364 ,
1328 1331 1377 1357 ne
1403 1318 1493 1358 alie-

206 1387 298 1414 nam
324 1373 593 1414 liberalitatem
619 1374 874 1424 respicerent,
898 1388 1079 1416 nummos
1107 1378 1241 1418 divisit.
1270 1379 1364 1419 Cum
1391 1381 1492 1420 inter

205 1445 332 1476 tantos
366 1437 544 1487 utrinque
578 1447 782 1487 apparatus
822 1438 1104 1478 imminentium
1140 1441 1329 1481 malorum
1364 1444 1487 1493 gravis

203 1499 460 1550 exspectatim
479 1500 590 1539 variis
606 1500 808 1540 hominum
826 1502 977 1542 indiciis
1000 1510 1114 1553 atque
1137 1503 1393 1554 sermonibus,
1411 1506 1486 1545 dif-

202 1560 389 1609 ferretur,
405 1562 519 1600 etiam
543 1561 803 1612 prodigiorum
824 1568 969 1600 atroces
993 1563 1106 1602 minae
1122 1573 1269 1604 metum
1284 1575 1485 1606 auxerunt.

256 1621 368 1661 XIX.
399 1621 444 1661 In
471 1621 562 1660 urbe
589 1622 743 1670 simius,
763 1622 896 1662 fanum
917 1623 1063 1663 Cereris
1091 1625 1293 1676 ingressus,
1320 1627 1416 1666 inter
1434 1627 1487 1667 sa-

202 1681 455 1721 crificandum
479 1682 608 1721 onmia
636 1683 890 1731 confuderat3
925 1684 1028 1724 bubo
1053 1698 1101 1724 ex
1126 1686 1352 1726 Concordiae
1380 1696 1484 1727 tem-

201 1743 266 1794 plo
284 1774 296 1792 ‚
321 1744 370 1782 ad
392 1746 521 1783 onmia
542 1746 741 1795 praecipuae
772 1745 963 1795 religionis
990 1745 1150 1786 delubra
1179 1748 1484 1799 circumvolans,

201 1817 291 1844 cum
319 1807 489 1856 undique
512 1807 783 1857 expelleretur,
810 1808 998 1858 postremo
1024 1809 1064 1848 in
1086 1809 1167 1849 aede
1200 1811 1313 1851 Genii
1335 1811 1482 1862 publici

198 1867 398 1907 consedit:
429 1881 554 1918 neque
587 1878 723 1919 captus
758 1869 832 1916 est,
866 1872 901 1910 ἅ
932 1871 1014 1910 sero
1040 1884 1087 1911 ex
1115 1871 1321 1923 conspeetu
1350 1873 1482 1913 homi-

198 1941 294 1969 num
329 1929 504 1969 discessit.
540 1931 664 1971 Tensa
695 1932 800 1980 Jovis
826 1931 928 1971 ludis
963 1935 1201 1974 comminuta
1235 1935 1296 1974 est.
1340 1935 1384 1975 In
1409 1935 1484 1983 Ju-

197 1991 280 2031 daea
313 2000 419 2031 terrae
456 2000 581 2032 motus
611 1994 742 2044 ingens
781 1995 973 2034 infinitum
1011 1997 1234 2036 animalium
1275 2010 1480 2036 numerum

196 2055 233 2094 &
254 2052 458 2093 hominum
482 2055 635 2105 triginta
660 2056 779 2095 millia
801 2057 1007 2096 absorbuit.
1043 2059 1262 2107 Pisaurum,
1286 2072 1400 2109 quam
1430 2061 1478 2098 ad

197 2115 436 2155 Adriaticum
450 2117 638 2155 Antonius
660 2117 853 2157 coloniam
868 2119 1102 2166 deduxerat,
1127 2128 1360 2160 terraemotu
1384 2120 1477 2160 hau-

193 2176 248 2215 sta
276 2176 338 2215 est.
379 2177 498 2227 Super
526 2177 682 2225 Jonium
717 2179 781 2218 fax
814 2194 880 2230 per
907 2180 1054 2230 aliquot
1079 2182 1161 2220 dies
1189 2182 1362 2233 suspensa
1390 2182 1474 2220 sur-

190 2237 275 2276 sum
307 2239 348 2276 in
380 2237 560 2277 aetherem
593 2241 762 2279 recurrit.
803 2240 907 2281 Albae
937 2242 1055 2281 statua
1080 2256 1291 2283 marmorea
1316 2246 1472 2284 Antonii

189 2297 369 2339 sudorem
386 2329 397 2348 ,
425 2299 556 2340 frustra
586 2301 871 2353 detergentibus
900 2304 1153 2355 quibusdam,
1175 2305 1471 2358 sanguinemque

190 2416 260 2494 Di}
285 2418 396 2453 xvii.
418 2418 554 2463 Joseph.
576 2421 681 2465 antiq.
705 2398 780 2456 ω.
808 2431 866 2466 ις,
893 2422 926 2457 6.
959 2423 1042 2460 nio.
1068 2424 1090 2468 ς
1118 2424 1247 2461 xviii,
1271 2424 1345 2459 mv.
1374 2426 1467 2469 Epir.
