1617 2963
260 134 321 232 21}
368 172 449 220 JO.
478 171 563 218 FR.
593 169 750 217 SUPP.
780 168 842 214 IN
874 166 1015 216 LOC.
1042 169 1091 215 L.
1116 169 1358 217 CXXVIII
1391 170 1512 217 LIV-¹

258 289 459 332 poterant,
481 290 602 329 neque
628 283 693 314 aut
717 274 829 315 remis
856 282 923 314 aut
953 277 1102 316 ancoris
1132 277 1342 327 contineri,
1370 291 1447 329 quo
1471 277 1542 317 mi.

260 356 332 384 nus
369 345 466 382 inter
499 341 593 386 sese,
626 351 690 378 aut
727 339 774 377 ad
815 338 900 378 saxa
935 341 1298 381 comminuerentur.
1336 342 1392 381 Ita
1427 350 1543 382 naves

261 406 426 453 majores
447 403 507 442 sex
535 399 695 446 amiffae‚
723 399 889 438 minores
910 399 971 440 sex
996 403 1031 441 ἃ
1047 402 1203 452 viginti,
1232 415 1320 442 cum
1347 402 1542 454 aliquanto

260 468 408 514 majore
439 475 599 501 numero
631 461 937 501 Liburnicarum.
965 476 1052 502 nam
1083 466 1117 504 δε
1149 465 1196 503 ab
1226 465 1330 504 hoste
1357 466 1543 505 damnum

262 528 394 568 datum
421 532 518 573 erat,
552 521 761 573 Menasque
781 524 921 564 multas
944 537 990 565 ex
1020 526 1177 574 disjecta
1202 525 1313 565 classe
1338 539 1452 566 naves
1478 526 1545 581 ab·

262 586 440 626 {traxerat
475 594 540 624 aut
569 584 765 623 exusserat.
805 585 930 625 Tanta
956 585 1039 625 haec
1078 596 1183 625 erant
1209 588 1481 634 incommoda,
1503 594 1547 626 ut

261 655 350 685 ante
376 645 605 684 tricesimum
631 646 731 684 diem
758 648 954 686 emendari
978 661 1057 686 non
1085 648 1189 699 poffe
1213 650 1450 697 viderentur3
1469 662 1545 698 quo

260 715 438 757 tempore
472 720 579 758 paene
609 707 648 745 in
669 709 770 747 exitu
799 707 927 748 futura
957 709 1058 748 aestas
1087 720 1189 758 erat,
1215 711 1382 760 ideoque
1409 710 1547 750 rectius

261 767 487 813 videbatur,
519 767 736 806 venientem
765 768 804 805 in
839 781 979 807 annum
1010 769 1300 819 expeditionem
1337 771 1491 810 differri.

318 830 361 871 L.
391 830 466 869 Sed
495 828 640 877 Caesar‚
664 830 722 867 vel
746 830 859 868 invito
888 833 1054 879 Neptuno
1081 832 1258 871 viffloriam
1279 835 1317 888 se
1346 835 1549 885 adepturum

263 894 436 943 jactans,
462 904 631 930 ceterum
659 893 845 946 populum
879 894 1041 942 timens,
1069 894 1095 934 fi
1122 895 1267 935 diutius
1291 909 1453 936 annonae
1485 907 1551 945 pe-

263 956 373 995 nuria
405 965 661 1002 premeretur,
698 956 860 992 continuo
889 956 1037 1006 subduci
1075 956 1233 1008 reficique
1272 972 1383 994 naves
1418 954 1547 1005 juffit:

264 1018 431 1066 remiges
452 1028 497 1054 ex
523 1015 723 1065 naufragio
751 1024 924 1066 receptos
947 1018 993 1055 ad
1015 1017 1183 1057 Taurum
1213 1018 1330 1064 mifit,
1350 1016 1552 1066 complen-

268 1078 327 1118 dis
345 1076 531 1123 navibus,
556 1089 637 1127 quae
660 1090 776 1126 penes
802 1090 888 1116 eum
906 1090 1034 1117 vacuae
1065 1077 1331 1116 remanserant.
1357 1077 1548 1118 Maecenas

267 1141 310 1179 in
346 1139 480 1191 urbem
515 1138 567 1176 ire
602 1137 719 1186 jussus
747 1137 820 1185 est,
846 1139 893 1176 ad
931 1137 1082 1187 plebem
1110 1141 1149 1177 in
1187 1138 1315 1177 officio
1353 1138 1550 1176 continen-

267 1202 382 1247 dam,
410 1213 492 1249 quae
515 1200 565 1238 ob
591 1198 742 1238 adversa
769 1198 920 1238 Caesaris
949 1201 983 1239 &
1008 1200 1234 1239 memoriam
1264 1199 1437 1249 Pompeji
1465 1199 1550 1239 Ma-

268 1263 332 1315 gni
364 1260 679 1300 tumultuabatur.
705 1260 788 1311 lpse
819 1273 954 1312 magna
983 1261 1175 1299 celeritate
1205 1270 1320 1311 atque
1350 1260 1549 1311 diligentia

266 1335 390 1366 novos
425 1334 492 1372 per
526 1321 676 1362 ltaliam
708 1321 868 1361 colonos
904 1321 1101 1367 hortatus,
1128 1322 1175 1360 ad
1207 1322 1401 1361 visendam
1423 1322 1552 1362 -Tauri

267 1384 422 1425 classem
469 1384 676 1425 Tarentum
711 1384 998 1426 transcucurrit:
1048 1398 1136 1423 mox
1169 1384 1320 1424 Vibone
1360 1384 1550 1423 allocutus

265 1446 462 1497 legiones,
486 1447 642 1484 navium
674 1455 900 1496 apparatum
927 1447 1141 1495 festinavit,
1170 1446 1273 1485 brevi
1303 1455 1475 1496 tempore
1496 1445 1547 1484 fic

267 1507 505 1550 confirmatis
535 1518 648 1558 atque
675 1507 889 1548 constitutis
911 1509 1113 1559 omnibus,
1143 1517 1183 1548 ut
1206 1509 1347 1549 iterum
1369 1507 1550 1549 inuadere

267 1569 436 1613 Siciliam
468 1569 600 1621 posset⁹

315 1690 342 1736 5
367 1690 406 1726 1„
427 1691 568 1727 Sueton.
592 1691 627 1725 in
651 1691 739 1736 Aug.
763 1702 792 1725 c.
817 1691 868 1725 ι6.
886 1689 969 1725 Dio.
