1617 2963
267 149 327 201 54
428 135 522 183 JO.
560 132 1052 182 FREINSHEMII
1093 133 1454 183 SUPPLEM.·

266 242 380 282 nibus
410 241 772 283 exercitatissimus:
809 239 1012 291 vicemque
1049 240 1155 281 suam
1194 241 1373 281 hortandi
1411 240 1553 282 milites

270 303 445 343 Domitio
471 302 725 342 Ahenobarbo
759 302 1016 342 demandavit.
1043 303 1096 343 Ea
1115 316 1175 342 res
1192 303 1321 343 multis
1343 301 1555 353 displicuis-

269 363 311 403 se
343 365 506 411 dicitur,
529 363 724 404 contemni
751 363 788 402 se
807 363 1051 414 putantibus,
1082 364 1164 414 post
1185 372 1245 403 tot
1271 363 1448 403 toleratas
1462 375 1556 405 zeru-

268 438 389 469 mnas.
408 424 577 475 plerique
602 437 681 464 rem
700 455 712 473 ‚
740 433 783 464 ut
809 432 910 474 erat,
934 426 1205 475 conjicientes,
1224 425 1450 476 aequioribus
1475 424 1558 464 ani-

267 488 342 526 mis
385 487 587 536 imperium
635 487 754 526 secuti
792 486 889 527 sunt.
932 487 1031 527 Cum
1083 488 1282 528 receffiffet
1317 502 1340 528 a
1382 486 1555 537 Praaspis

220 558 236 568 f
265 549 454 588 Antonius
475 578 486 597 ,
523 548 636 589 Medi
678 548 807 589 relicta
844 549 893 589 ab
935 562 982 589 eo
1018 562 1160 600 opera,
1195 562 1332 601 aggere
1365 550 1553 598 disjecto,

265 611 489 651 incendere.

280 692 290 708 ι
319 672 429 712 XIII.
461 674 565 714 Tum
590 686 678 713 vero
710 674 875 714 maxima
900 682 1132 726 exceperunt
1160 675 1368 716 Antonium
1404 673 1556 725 pericu-

267 735 330 783 la,
357 736 556 788 insanique
582 737 758 779 labores:
785 741 822 778 ὁὶ
847 746 926 778 erat
951 741 1079 778 actum
1106 739 1155 777 de
1170 738 1344 777 universo
1368 737 1558 784 exercitu,

267 797 309 836 ni
331 810 353 836 e
388 798 524 838 mediis
555 798 725 839 hostibus
754 802 885 840 auctor
920 799 1051 839 salutis
1081 798 1285 839 exstitisset.
1328 799 1486 839 Parthos
1512 798 1555 838 in

267 858 418 910 proeliis
450 873 567 910 opera
597 860 789 900 servorum
820 861 874 900 uti
901 860 1156 908 consuevisse,
1185 859 1296 910 supra
1318 861 1435 900 etiam
1456 859 1559 898 indi-

271 921 442 958 cavimus
466 933 475 959 :
503 922 538 960 δε
563 921 661 959 inter
694 922 865 971 equitum
892 920 1013 960 millia
1044 922 1349 972 quinquaginta,
1376 933 1459 970 quae
1492 931 1562 958 oc·

270 988 470 1020 currerunt
484 983 677 1030 Antonio,
695 983 793 1034 fhlos
816 983 1087 1035 quadringentos
1104 982 1229 1021 liberos
1244 982 1375 1035 fiziffe,
1392 980 1557 1020 relatum

268 1041 332 1081 est.
369 1042 485 1092 Igitur
510 1045 546 1083 ἃ*
579 1043 717 1082 milites
748 1044 930 1084 Craffiani
959 1043 1036 1083 hoc
1064 1045 1103 1083 in
1131 1056 1292 1084 nurnero
1322 1054 1410 1083 cum
1439 1042 1558 1082 essent

271 1102 446 1152 inventi3
477 1105 634 1155 quidam
664 1119 821 1153 eorum,
849 1107 1005 1145 natione
1037 1106 1210 1153 Marsus,
1243 1107 1361 1146 noctu
1403 1103 1558 1144 acceffit

270 1166 319 1203 ad
348 1165 511 1215 vallum,
531 1168 782 1217 monuitque,
801 1180 848 1206 ne
866 1168 1025 1216 itinere,
1050 1180 1126 1217 quo
1155 1174 1361 1214 venerant,
1387 1174 1559 1205 reverte-

270 1234 410 1265 rentur.
446 1226 604 1277 Quippe
638 1241 704 1278 per
734 1229 955 1279 campestria
988 1230 1022 1268 ὅ(
1050 1227 1163 1279 plana
1189 1228 1374 1267 redituros
1400 1226 1558 1265 inevita-

272 1286 359 1326 bilis
387 1287 567 1328 manebat
600 1303 620 1328 a
651 1289 795 1330 Parthis
832 1289 1022 1340 equitibus
1052 1289 1272 1340 pernicies:
1304 1286 1495 1327 montanis
1520 1288 1557 1326 δε

268 1348 497 1390 silvestribus
530 1351 627 1391 locis
660 1354 779 1391 tutior
819 1352 1004 1393 Romanis
1038 1360 1214 1403 receptus
1253 1359 1358 1399 erat3
1385 1347 1559 1389 hostibus

271 1411 499 1462 impeditior
530 1414 754 1465 persecutio.
789 1430 895 1467 neque
930 1430 1008 1454 vero
1032 1415 1205 1466 fimulatae
1241 1414 1326 1466 paci
1348 1412 1557 1464 fidendum,

271 1474 376 1515 idem
397 1476 544 1517 Marsus
564 1479 792 1527 admonuit3
823 1477 931 1518 simul
946 1478 1094 1518 viarum
1121 1476 1283 1516 offerens
1313 1476 1475 1522 ducem,
1494 1475 1557 1522 δε,

271 1550 360 1577 cum
395 1539 490 1578 fides
528 1540 804 1591 postularetur,
839 1541 1088 1581 vinciendum
1122 1539 1159 1579 se
1199 1538 1396 1591 praebens,
1433 1536 1561 1585 donec·

270 1602 492 1642 Armeniam
524 1604 739 1654 attigissent.

337 1662 444 1701 XIV.
478 1663 534 1703 Ita
568 1666 632 1704 vix
664 1666 799 1704 itinere
833 1664 941 1704 bidui
967 1663 1201 1715 progressum
1232 1664 1285 1703 est
1322 1675 1388 1714 per
1421 1667 1559 1712 pacata

273 1722 312 1760 in
332 1722 498 1772 speciem
522 1726 674 1765 omnia:
700 1726 762 1764 die
783 1727 915 1774 tertio,
931 1738 1044 1774 cum,
1061 1728 1165 1774 juxta
1182 1726 1339 1764 fluvium
1355 1723 1561 1763 incedente

273 1785 454 1832 agmine,
484 1795 639 1835 ruptum
665 1798 795 1824 recens
821 1799 999 1836 aggerem
1035 1786 1182 1827 Marsus
1211 1783 1558 1830 animadvertisset,

274 1845 485 1897 effusasque
514 1849 554 1886 in
590 1849 691 1887 viam
728 1862 863 1899 aquas,
895 1850 996 1887 haud
1023 1849 1147 1903 procul
1172 1850 1281 1902 abff’
1317 1850 1440 1902 hostem
1476 1859 1559 1885 mo-

271 1907 368 1946 nuit.
395 1910 535 1959 vixque
567 1908 730 1958 spatium
765 1912 933 1949 Antonio
967 1910 1040 1949 fuit
1066 1910 1278 1950 diducendi
1314 1910 1490 1956 ordines,
1513 1914 1558 1947 ut

270 1982 495 2019 procurrere
529 1969 622 2010 levis
662 1980 851 2010 armatura
881 1971 1026 2021 posset,
1058 1984 1146 2011 cum
1181 1972 1306 2011 Parthi
1343 1971 1380 2010 se
1412 1969 1558 2010 intule-

271 2025 385 2071 runt:
413 2034 447 2071 ἃ
470 2045 491 2071 a
516 2032 696 2072 velitibus
726 2041 840 2084 atque
870 2034 1149 2080 funditoribus,
1175 2034 1256 2084 post
1285 2032 1406 2072 multa
1440 2033 1558 2071 utrin-

272 2107 348 2145 que
370 2095 550 2144 vulnera,
582 2095 743 2146 repulsi,
774 2098 902 2136 denuo
930 2096 1103 2136 fecerunt
1128 2095 1422 2146 impreffionem.
1453 2094 1559 2135 Tum

271 2171 361 2196 vero
391 2157 521 2197 Gallus
559 2172 675 2209 eques
704 2160 857 2199 emilius
891 2160 963 2207 est,
995 2160 1220 2209 disjecitque
1258 2167 1373 2209 atque
1403 2157 1555 2207 dissipa-

271 2221 326 2259 vit
364 2220 554 2261 Parthicas
582 2221 685 2271 alas,
715 2230 757 2261 ut
780 2236 825 2261 eo
856 2223 918 2262 die
945 2223 1155 2274 quidquam
1192 2230 1372 2274 praeterea
1407 2229 1555 2262 tentare

272 2282 496 2322 desinerent.

314 2401 335 2429 G
361 2401 436 2431 XII.
459 2401 539 2433 Dio.
571 2401 658 2433 plut.
688 2403 833 2443 Appiam.
868 2403 889 2443 S
926 2403 1019 2437 XIII.
1049 2403 1124 2437 L'w.
1152 2403 1243 2444 Epir.
1264 2402 1383 2437 Justin.
1405 2413 1470 2445 41,
1496 2402 1550 2440 26·

272 2442 396 2487 Venej.
421 2446 568 2490 Appian.
596 2447 684 2480 mut.
709 2447 843 2491 §XlV.
860 2448 1008 2492 Appiam
1031 2447 1113 2482 Dio.
1138 2448 1229 2483 Plut-
