1617 2963
281 179 342 229 ‚50
446 165 1473 217 JO.FRE1NSHEMIISUPPL-EM.

285 274 416 313 aderat
444 274 485 311 in
510 274 693 322 regione,
712 270 877 310 humiles
904 278 1054 310 tantum
1085 270 1240 311 arbores
1265 274 1303 312 δε
1326 272 1455 312 mollis
1476 272 1571 324 ligni

284 337 490 375 educante.

338 396 406 436 IV.
432 395 550 444 Quod
576 393 800 444 proximum
831 400 934 441 erat,
959 406 1138 444 aggerem
1167 393 1283 443 jecit,
1313 401 1356 434 ut
1379 395 1484 435 velut
1515 409 1564 437 ex

283 470 395 507 aequo
418 455 506 494 loco
543 453 758 494 consereret
794 467 883 498 cum
916 455 1266 506 propugnatoribus
1303 471 1473 497 manum.
1499 459 1569 499 In.-

282 527 385 558 terea
407 516 566 557 Parthus
589 517 802 568 Medusque
825 530 931 568 reges
954 517 1186 569 implicitum
1212 517 1347 558 validae
1372 520 1474 560 urbis
1498 534 1569 572 op-

277 579 515 630 pugnatione
546 577 693 616 hostem
726 578 916 626 sinentes,
942 581 983 618 in
1014 580 1232 619 Statianum
1264 580 1425 620 mittunt
1463 581 1567 622 haud

275 640 331 679 ita
354 653 534 691 magnam
558 653 741 687 manum,
764 639 828 679 sed
854 639 941 680 satis
971 640 1136 680 validam
1157 641 1333 680 adversus
1362 656 1410 681 ex
1432 643 1567 683 itinere

275 702 418 751 fessos,
452 704 487 741 &
514 701 590 741 tale
616 701 713 741 nihil
755 702 1026 751 exspectantes.
1063 703 1183 753 Igitur
1207 705 1243 742 Sc
1270 705 1465 744 Statianus
1484 735 1495 753 ,
1527 708 1564 746 &

275 778 374 816 quos
401 764 530 804 secum
554 764 744 812 habebat,
772 767 911 813 (erant
938 774 1066 804 autem
1092 764 1262 815 legiones
1289 766 1403 820 duae)
1430 767 1565 806 irrum-

277 826 460 879 pentibus
495 826 562 865 sub
597 826 719 865 serum
755 826 830 864 diei
867 825 1066 875 barbaris,
1095 826 1302 866 occidione
1335 829 1415 868 caefi
1453 829 1562 869 sunt:

274 901 351 938 nec
373 888 485 928 evasit
512 887 734 937 quisquam,
754 896 888 937 praeter
918 901 1039 927 unum
1067 888 1343 937 Polemonem,
1369 892 1478 930 Ponti
1508 905 1563 930 re-

274 963 364 1001 gem
378 980 390 998 ,
427 963 540 1000 quem
564 958 753 1000 ceperunt
774 952 909 989 vivum
924 979 936 999 ,
962 958 1204 1000 acceptoque
1224 964 1316 990 mox
1340 954 1490 1002 pretio,
1509 953 1565 992 di-

274 1013 472 1054 miserunt.
504 1014 670 1064 Direptis
695 1014 838 1056 deinde
858 1013 1172 1065 impedimentis,
1203 1017 1239 1054 &
1268 1017 1453 1066 corruptis
1480 1029 1562 1055 ma-

275 1076 426 1116 chinis.
459 1075 563 1119 pleni
600 1076 754 1124 spiritus
780 1088 826 1117 ac
867 1076 1038 1116 ferociae
1076 1075 1123 1105 Μ
1160 1073 1360 1108 liberanda
1402 1070 1563 1122 Pfaaspa

273 1127 569 1167 contenderunt.

327 1189 372 1228 V.
393 1189 441 1228 At
460 1189 661 1228 Armenius
688 1187 937 1234 Artavasdes,
967 1186 1060 1227 licet
1083 1188 1296 1240 praecipuus
1322 1190 1555 1241 suscipiendi

270 1249 365 1291 belh
380 1252 533 1296 auctor
556 1253 596 1289 in
617 1263 802 1300 regnum,
829 1248 982 1288 deiertis
1006 1249 1216 1296 Romanis,
1240 1250 1354 1292 abiit:
1379 1264 1458 1291 non
1481 1253 1556 1291 sine

272 1312 437 1352 crimine
460 1312 720 1362 proditionis,
752 1324 839 1350 cum
870 1324 994 1361 neque
1031 1313 1081 1351 ad
1111 1312 1316 1352 Antonium
1348 1314 1557 1353 adduceret

270 1375 426 1422 copias,
458 1386 582 1423 neque
610 1372 782 1421 Statiano
816 1372 1011 1425 (potuisse
1047 1372 1150 1410 enim
1190 1373 1385 1427 creditur)
1422 1373 1554 1413 subve-

269 1434 394 1474 niffet.
434 1435 482 1474 At
509 1433 683 1484 periculo
713 1433 869 1474 suorum
901 1433 1104 1474 exterritus
1135 1435 1344 1483 Antonius,
1381 1434 1470 1474 licet
1502 1437 1551 1475 ad

268 1498 438 1547 primum
467 1498 629 1540 Statiani
669 1498 850 1535 nuntium
888 1509 1047 1547 propere
1085 1497 1187 1546 signa
1223 1506 1424 1545 moverat,
1453 1496 1552 1536 nihil

269 1551 406 1610 p'raeter
427 1571 619 1605 mortuos,
643 1561 678 1598 8(
698 1559 854 1609 vestigia
876 1557 996 1598 cladis
1016 1560 1181 1608 reperit,
1206 1571 1255 1597 ne
1275 1558 1447 1598 hostibus
1468 1561 1554 1610 qui-

269 1622 359 1660 dem
395 1619 554 1671 usquam
593 1621 914 1670 comparentibus
955 1633 1114 1670 quarum
1149 1633 1277 1660 rerum
1312 1620 1406 1659 ficut
1434 1621 1549 1661 altera

268 1684 487 1723 moestitiam
512 1684 867 1733 dubitationemque
888 1683 1032 1721 indidit
1047 1684 1197 1731 animo3
1219 1683 1269 1721 sic
1292 1681 1431 1731 altera,
1457 1697 1549 1733 qua-

267 1744 294 1782 fi
324 1743 560 1793 fugientibus
584 1743 633 1781 ob
665 1753 812 1781 metum
835 1742 1024 1790 barbaris,
1048 1751 1254 1794 utrumque
1280 1744 1432 1783 exemit.
1469 1745 1548 1784 Sed

268 1804 333 1842 ubi
367 1805 530 1843 reditum
558 1803 609 1842 ad
634 1802 790 1853 Praaspa
820 1803 913 1851 fuit,
940 1806 976 1844 ἂ
1002 1817 1180 1852 annona,
1204 1805 1340 1843 vicinis
1367 1805 1548 1844 omnibus

264 1865 442 1912 vastatis,
470 1865 590 1914 coepit
617 1863 690 1903 effe
714 1866 886 1915 gravior3
924 1877 1011 1903 cum
1039 1866 1180 1904 decem
1211 1858 1457 1916 legionibus,
1484 1867 1547 1905 tri-

265 1928 338 1967 bus
360 1926 583 1966 cohortibus
613 1928 823 1977 praetoriis,
858 1929 893 1966 Sc
923 1927 1096 1967 universo
1123 1929 1299 1978 equitatu
1333 1928 1545 1967 frumenta-

263 1998 347 2029 tum
371 1989 438 2037 iit3
473 1988 550 2028 hoc
575 1989 745 2028 maxime
773 1989 891 2028 modo
918 1988 1041 2028 hostes
1064 1989 1112 2028 ad
1134 2003 1302 2040 pugnam
1327 1989 1415 2028 elici
1438 1990 1542 2040 poise

261 2051 427 2102 sperans

317 2113 381 2152 VI.
413 2113 496 2153 Nec
525 2111 689 2163 amplius
715 2113 826 2151 unius
858 2112 935 2151 diei
974 2111 1182 2162 progressus
1216 2113 1317 2158 iter,
1349 2124 1439 2151 cum
1469 2111 1541 2151 cir-

262 2175 464 2214 cumiundi
490 2175 648 2214 Parthos
675 2174 870 2223 undique,
904 2174 1057 2224 vimque
1089 2175 1308 2215 minitantes
1343 2182 1537 2222 cerneret,

263 2237 410 2287 signum
435 2249 572 2286 pugnae
600 2238 640 2274 in
666 2236 790 2273 castris
812 2235 1018 2286 proposuit.
1055 2236 1237 2276 Ceterum
1261 2240 1399 2275 detendz'
1430 2239 1539 2276 taber-

262 2298 392 2338 nacula
423 2299 553 2350 Jufflt,
589 2307 630 2338 ut
658 2298 824 2349 speciem
856 2312 934 2338 non
955 2299 1185 2350 pugnaturi,
1209 2299 1273 2340 sed
1292 2300 1536 2350 proficiscen-

306 2420 774 2461 5111.Ve11e'1.P1ut.D1.0
798 2421 906 2454 Strab.
931 2422 982 2464 Ap
987 2422 1075 2464 pian
1100 2422 1120 2463 ξ
1143 2423 1205 2456 IV.
1231 2422 1320 2457 Plut.
1338 2422 1428 2457 flor.
1450 2421 1532 2456 Dio

260 2463 382 2508 Vellej.
419 2465 439 2510 S
467 2434 1148 2512 V.D'io.P1ut.Strab.1.16.pAppian.
