1617 2963
244 194 321 246 1N
360 196 458 245 to
479 192 532 243 c.
575 195 710 243 ΜΒ.
743 190 990 244 cxxxvi
1027 193 1162 247 trv.
1247 214 1338 266 243

59 304 177 357 {nque
192 318 237 346 eo
256 335 266 353 ‚
286 313 469 355 tanquam
487 303 533 342 ad
551 302 770 352 exemplum
795 302 948 343 Feretrii
962 299 1086 353 jovis,
1109 302 1218 346 affixa
1239 308 1341 360 {igna

59 377 213 419 recepta
239 380 327 407 cum
356 365 539 406 Parthicis·
558 363 701 414 spoliis.
724 366 791 403 Bis
817 366 956 403 ultorem
980 368 1239 417 cognominari
1262 371 1344 421 pla-

61 431 166 477 cuit,
202 431 305 481 quod
344 431 420 477 jam
460 436 540 466 erat
578 426 714 466 Martis
751 426 894 466 Ultoris
931 430 1056 478 aedes,
1089 445 1202 481 quam
1240 434 1341 475 beli'o

59 489 289 540 Philippenli
304 521 313 536 ‚
334 501 401 540 pro
422 488 568 528 ultione
593 495 749 537 paterna
765 486 960 536 suscepto,
979 501 1143 531 voverat.
1170 495 1244 534 Sed
1261 496 1344 536 haec

59 552 190 602 postea
230 553 343 590 facia.
387 551 487 590 Tum
521 562 610 589 vero
645 560 734 587 cum
761 550 905 587 viarum
942 562 1090 591 curator
1121 557 1345 598 constitutus

63 613 203 662 Caesar,
232 614 329 652 duos
366 625 388 651 e
420 610 602 662 praetoriis
633 622 724 650 cum
754 608 852 647 binis
881 609 1076 651 lictoribus
1100 616 1348 666 praefeciffet3

61 675 108 714 ab
140 675 198 714 his
231 678 346 724 opera
373 672 492 711 multa
527 672 652 719 faeta,
677 678 743 709 aut
769 671 909 709 refeeta
933 669 1037 720 sunt,
1071 674 1109 711 in
1141 677 1277 724 quibus
1309 681 1347 719 δε

59 734 461 778 milliarium'aureum
479 736 711 773 nominatur.
739 734 816 774 Sub
836 735 939 772 idem
964 744 1116 785 tempus
1132 768 1145 784 ,
1168 751 1254 779 cum
1271 743 1348 790 Ju-

59 799 112 840 lia
147 800 283 848 CaJ'um
318 798 519 848 Agrippam
555 795 788 846 peperisset,
816 797 912 835 inter
947 796 1019 835 alia
1059 799 1226 840 natalem
1263 806 1345 853 ejus

60 865 154 904 stato
186 862 374 902 sacrificio
409 861 612 912 quotannis
646 859 853 899 colendum
883 859 1007 898 Patres
1032 861 1271 905 censuerunt.

115 923 262 964 XXIV.
300 922 454 972 Augusti
488 932 643 969 quoque
676 918 792 965 natali
822 918 1016 958 Circenses
1044 922 1079 959 ἃ
1102 925 1348 968 venationem

60 986 210 1037 privato
252 983 377 1022 sumtu
418 982 546 1022 aediles
573 982 787 1023 ediderunt.
820 981 976 1021 Interim
1013 983 1133 1023 Caesar
1163 989 1248 1036 paci
1283 1003 1351 1027 or-

60 1047 229 1094 nandae,
276 1043 408 1095 procul
448 1043 623 1092 ablegata
665 1042 833 1081 bellandi
883 1044 1097 1094 cupidine,
1134 1049 1353 1096 provincia&

59 1107 272 1146 secundum
300 1104 404 1154 leges
430 1107 464 1143 ὅ(
491 1106 573 1152 jura
594 1103 809 1151 constituit,
833 1103 973 1142 liberas
999 1105 1172 1146 civitates
1189 1110 1354 1149 amicos-

62 1181 138 1220 que
164 1181 270 1219 reges
296 1167 368 1206 suis
397 1167 574 1204 institutis
602 1165 657 1204 uti
688 1164 881 1214 permisit:
910 1174 1049 1216 atque,
1067 1166 1142 1207 hoc
1165 1170 1231 1210 fibi
1257 1185 1350 1213 con.

61 1231 185 1270 filium
208 1241 382 1276 manere,
402 1228 548 1267 senatui
573 1239 725 1277 quoque
746 1226 895 1277 scripsit.
931 1228 1175 1280 Jamblifflo,
1198 1236 1234 1273 ἃ
1257 1235 1352 1274 Tar-

62 1293 279 1333 condimoti
304 1292 415 1338 filiis,
433 1298 582 1340 patrum
608 1290 768 1328 nomina
791 1288 1070 1338 referentibus,
1098 1306 1192 1343 quas
1222 1296 1352 1336 in'Ci-

61 1355 152 1395 licia
177 1357 213 1395 Sc
235 1353 371 1395 Arabia
399 1353 570 1403 regiones
591 1350 645 1390 illi
670 1350 902 1398 habuerant,
932 1352 1120 1394 reddidit:
1151 1356 1216 1394 nisi
1241 1357 1351 1407 quod

66 1418 259 1456 maritima
284 1417 458 1466 quaedam
490 1413 631 1453 Ciliciae
655 1412 815 1451 donavit
837 1412 1043 1461 Archelao,
1073 1418 1136 1455 cui
1168 1420 1203 1458 &
1225 1421 1351 1459 mino-

66 1491 146 1516 rem
174 1478 393 1517 Armeniam
425 1473 682 1521 concesserat,
719 1472 801 1522 post
835 1483 1001 1513 mortem
1038 1476 1147 1516 Medi
1178 1480 1353 1521 Artavas-

68 1541 151 1586 dis,
182 1542 291 1588 cujus
318 1539 355 1576 in
380 1538 562 1587 potestate
591 1547 750 1587 regnum
785 1535 881 1574 istud
907 1535 1043 1578 fuerat.

146 1601 273 1641 XXV.
320 1601 404 1639 Nec
438 1597 612 1639 Herodes
652 1597 720 1636 fibi
759 1597 903 1646 defuit,
940 1599 1033 1647 quin
1071 1603 1354 1643 commoditate

67 1665 274 1716 temperis,
305 1665 340 1703 ἃ
369 1663 522 1712 Augusti
550 1661 717 1700 amicitia
751 1659 799 1698 ad
830 1672 989 1710 regnum
1020 1664 1236 1713 augendum
1266 1676 1354 1705 ute-

66 1739 177 1768 retur.
210 1727 432 1767 Gadarenos
459 1725 696 1764 accusatores
724 1721 809 1761 suos
835 1723 882 1762 ab
910 1724 1075 1774 Agrippa
1100 1726 1164 1764 fibi
1191 1729 1353 1770 traditos

67 1791 223 1840 impune
250 1787 448 1827 dimiserat.
485 1787 527 1826 Id
554 1784 810 1830 beneficium,
837 1796 927 1823 cum
950 1787 1098 1824 animos
1121 1800 1254 1826 eorum
1282 1790 1355 1828 im,

69 1851 173 1902 plere
197 1863 326 1889 amore
349 1859 427 1888 tam
451 1848 606 1899 benigni
629 1848 730 1897 regis
755 1846 965 1894 debuiffet‚
987 1847 1238 1888 incitamento
1259 1850 1356 1900 fuit,

71 1921 114 1950 ut
141 1912 279 1949 iterum
309 1911 492 1949 auderent
517 1909 566 1948 de
593 1910 731 1947 eodem
769 1909 873 1958 apud
901 1908 1083 1948 Caesarem
1117 1912 1236 1960 queri.
1279 1913 1354 1952 Ze·

69 1976 241 2013 nodorus
267 1975 326 2012 his
351 1975 504 2022 aderat,
526 1974 623 2012 inter
644 1973 836 2013 Galiiaeam
860 1976 895 2013 ὃ(
910 1974 1226 2016 Trachonitidem
1248 1975 1356 2017 haud

71 2049 193 2087 parvae
235 2037 398 2086 regionis
431 2035 632 2075 tetrarcha.
688 2035 814 2075 Semel
851 2036 968 2075 auditi
1007 2036 1196 2076 delatores
1218 2067 1230 2085 ‚
1263 2051 1356 2079 cum

72 2097 337 2148 purgationem
367 2099 463 2148 regis
500 2097 621 2147 accipi
648 2098 850 2145 viderent3
891 2106 1019 2144 metu,
1049 2111 1097 2137 ne
1120 2099 1254 2137 iterum
1290 2100 1356 2138 de-

74 2159 145 2197 diti
183 2158 480 2196 crudelissimum
514 2158 801 2208 experirentur,
838 2160 955 2197 noctu
984 2158 1206 2209 semetipsos
1239 2161 1356 2198 inter-

71 2218 257 2257 fecerunt.
284 2219 510 2258 Zenodorus
536 2219 767 2265 Antiochiae,
796 2220 916 2268 ruptis
937 2220 1071 2259 morbo
1099 2231 1163 2259 aut
1190 2221 1274 2259 casu
1300 2223 1357 2260 vi-

77 2280 271 2326 sceribus,
303 2279 440 2318 effudit
478 2281 663 2331 spiritum.
713 2281 900 2320 ditionem
932 2284 1013 2331 ejus
1049 2283 1223 2322 Herodes
1253 2283 1358 2321 dono

80 2343 230 2382 [ῥέΐατὶε
252 2346 425 2393 accepit.
456 2345 491 2382 Sc
515 2344 565 2382 ob
593 2344 673 2382 haec
702 2345 835 2383 merita
867 2345 901 2383 ei
937 2344 1123 2395 templum
1149 2347 1188 2383 in
1225 2345 1362 2385 eadem

126 2460 146 2488 G
185 2459 311 2492 XXIII
340 2460 420 2491 Dio.
445 2460 585 2494 Sueton.
610 2460 645 2493 in
670 2460 872 2505 Aug-&29
898 2461 1229 2506 §XX1V.Joseph.
1253 2461 1363 2506 antiq0

75 2504 414 2547 Jzn,‚.1153&10
1026 2551 1075 2610 Q

321 2574 332 2583 ⁵
1099 2567 1124 2598 2
