1617 2963
276 184 378 240 {¹54
441 173 1469 250 JO.FRE1NSHEM11SUPPLEM4.

330 284 519 326 LXXIX.
551 288 600 325 At
627 285 748 325 Caesar
769 283 902 326 Romaev
920 287 1106 339 patrisque
1139 288 1193 329 sui
1218 301 1423 332 commune
1448 280 1547 332 tem:
1601 283 1604 286 ⁴

272 346 381 397 plum
412 348 579 397 (Divum
601 348 753 396 julium
768 343 1040 400 appellabant)
1070 351 1117 390 ab
1145 353 1232 393 Afiae
1263 355 1414 405 populis
1441 355 1543 406 apud
1598 397 1599 400 ,

269 406 490 457 Ephesum,
519 421 542 447 a
567 408 740 461 Bithynis
774 411 931 460 Nicaeae,
963 411 1170 454 clarissimis
1204 415 1407 466 utrobique
1432 416 1541 455 urbi-

232 475 248 498 <‘
268 469 368 519 bUS,
401 472 492 521 poni
510 474 668 523 passus,
695 489 736 512 ea
759 476 901 513 numina
924 476 1027 513 etiam
1057 479 1100 515 ab
1128 479 1320 526 Romanis,
1352 481 1412 532 qui
1432 480 1543 531 regioae

218 548 242 554 ²
265 547 332 571 nes
354 533 441 570 illas
467 535 696 584 habitabant,
728 537 797 575 coli
820 537 935 586 juffit.
971 539 1019 578 Se
1045 538 1168 589 ipsum
1192 553 1213 578 a
1236 540 1382 579 civibus
1410 541 1541 580 divino
1608 562 1610 565 v

254 591 418 635 *honore
443 593 516 633 coli
546 595 682 636 noluit.
720 600 928 648 peregrinis
953 599 1263 649 permissun1‚uz
1291 602 1346 639 illi
1364 604 1400 640 ὅ»
1424 605 1541 641 Romoe

266 655 395 706 templa
413 656 622 706 statuerent,
644 658 796 710 Asiatici
819 660 953 711 quidem
980 661 1170 713 Pergami,
1203 662 1357 714 Bithyni
1378 663 1543 700 Nicome-

262 716 347 758 diae.
367 730 440 767 quo
466 718 555 757 dato
576 720 780 770 exemplo,
807 721 900 760 ficut
926 721 1021 763 nihil
1048 723 1100 762 est
1122 724 1170 762 ad
1197 725 1425 763 imitandum
1451 724 1546 763 adu-

263 775 409 818 latione
435 779 634 829 velocius,
667 790 748 821 toto
777 796 867 821 mox
891 783 984 823 orbe
1006 785 1174 825 coelestes
1203 787 1237 824 ei
1260 786 1344 825 sunt
1376 786 1543 825 honores

262 835 416 886 habiti,
443 836 653 891 paffimque
681 856 751 893 per
774 843 885 883 urbes
908 844 1174 885 celeberrimas
1198 847 1285 887 vivo
1309 856 1540 896 mortuoque

260 898 478 942 sacerdotes
511 905 547 943 &
574 904 736 956 collegia
759 905 900 945 sacrata
917 937 928 956 ,
964 911 1089 953 erecta
1111 910 1225 958 fana,
1263 923 1344 960 quae
1367 918 1541 948 veterum

262 961 434 1005 Deorum
473 966 631 1005 delubra
671 967 792 1006 ferme
833 969 1013 1010 struc'tura
1059 979 1271 1021 ornatuque
1309 971 1537 1020 superarenta

262 1024 517 1066 Alexandrini
549 1041 702 1078 quoque
728 1029 939 1069 Sebastrum
967 1031 1227 1071 exstruxerunt
1251 1031 1441 1082 templum
1457 1031 1539 1070 Cae.

261 1086 353 1127 saris
385 1090 648 1138 navigantium.
680 1090 871 1140 praessdis,
902 1093 1169 1143 (Epibaterium
1189 1093 1255 1143 ipsiv
1283 1092 1539 1143 cognomina-

260 1147 386 1198 bant)
413 1152 521 1198 cujus
552 1149 655 1189 aliud
681 1150 867 1200 nusquam
896 1164 961 1201 par
988 1152 1083 1200 fuit,
1110 1152 1354 1192 celeberrimo
1381 1152 1467 1196 loco
1494 1152 1537 1191 fi-

263 1214 372 1260 tuni,
413 1213 676 1263 magnitudine
712 1215 747 1253 &
781 1214 1014 1266 sublimitate
1051 1217 1322 1267 conspicuum,
1356 1218 1537 1257 refertum

262 1273 454 1321 donariis,
479 1287 570 1314 auro
591 1285 706 1326 atque
729 1285 886 1326 argento
907 1286 1082 1317 ornatum
1105 1278 1420 1329 circumquaque,
1446 1292 1533 1329 por-

261 1333 362 1373 ticus
399 1333 574 1384 habens,
603 1338 639 1375 &
664 1336 946 1386 bibliothecas,
984 1338 1117 1388 aulas,
1154 1339 1288 1388 lucos,
1323 1336 1534 1390 vestibula,v

257 1394 502 1444 ambulacra,
527 1391 783 1454 spatiofiffima
804 1400 932 1439 omnia
949 1430 961 1448 ‚
989 1402 1025 1441 ὃς
1054 1397 1353 1442 sumtuofiffima.

316 1465 483 1507 LXXX.
519 1468 642 1507 Etiam
670 1467 750 1507 ludi
776 1470 1102 1521 quinquennales,
1129 1485 1224 1522 quos
1254 1481 1334 1512 tum
1369 1473 1542 1523 permit-

257 1533 366 1566 tente
391 1529 531 1569 Caesare
557 1530 777 1581 Pergameni
804 1532 1004 1583 fecerant,
1032 1535 1317 1584 provinciarum
1338 1535 1530 1587 pleraeque

258 1585 546 1640 propemodum
569 1593 783 1643 oppidatim
803 1595 1087 1636 constituerunt.
1121 1598 1197 1635 Nec
1216 1609 1329 1634 tamen
1354 1599 1434 1649 ista,
1457 1609 1532 1635 tan-

260 1665 369 1702 quam
391 1653 527 1692 homine
542 1655 582 1706 se
601 1667 742 1707 putaret
762 1656 1007 1708 augustiorem,
1034 1657 1183 1710 recepff
1199 1658 1364 1698 creditur
1378 1687 1391 1704 ,
1409 1658 1477 1709 fid
1493 1669 1532 1694 ut

257 1723 335 1750 tam
359 1713 428 1751 late
458 1715 638 1765 imperanti
667 1718 767 1755 utilis
793 1717 951 1769 regendts
981 1719 1079 1756 rebus
1111 1720 1286 1758 venerario
1320 1725 1528 1771 quae‘rerctur.

223 1779 226 1781 ’
257 1773 439 1824 Alioquin
469 1777 619 1815 Domini
642 1779 755 1817 etiam
773 1807 784 1825 ‚
810 1772 952 1817 nedum
977 1781 1074 1826 Dei,
1105 1779 1403 1830 appellationem
1432 1793 1532 1819 con·

256 1834 478 1875 :stantiffime
502 1836 664 1887 repulit:
693 1840 727 1878 δε
749 1851 991 1891 (Ῑιιειιηᾳυειῐη
1013 1841 1126 1886 etjam
1153 1842 1441 1891 proconsulibus
1466 1843 1529 1882 de·
1561 1843 1563 1847 ⁴

257 1898 364 1936 cerni
394 1898 537 1949 templa
562 1899 680 1939 solere
709 1900 844 1948 sciret,
871 1903 911 1939 in
935 1902 1027 1941 urbe
1050 1898 1222 1952 nullum,
1251 1906 1289 1943 in
1322 1907 1529 1955 provinciis

255 1959 407 1998 nonnisi
431 1963 629 2000 communi
655 1962 719 2000 suo
744 1962 952 2011 Romaeque
975 1965 1152 2012 nomine,
1173 1967 1326 2016 recepit.
1362 1962 1439 2006 Sed
1459 1967 1529 2007 im-

255 2020 493 2069 peratoribus
530 2020 664 2060 secutis
703 2024 836 2072 paffim
872 2037 951 2062 non
985 2025 1101 2066 modo
1136 2028 1278 2075 Graeci,
1312 2027 1375 2066 sed
1412 2027 1528 2068 etiam

257 2078 436 2129 quaelibet
465 2081 667 2130 provinciae
702 2082 849 2132 templa
878 2083 1103 2133 posuerunt:
1149 2086 1196 2124 de
1225 2086 1317 2125 urbe
1350 2089 1384 2126 ἃ
1419 2087 1525 2127 ltalia
1581 2108 1585 2110 ·

257 2141 334 2182 Dio
362 2142 542 2182 haetenus
574 2154 711 2195 negat,
736 2156 778 2185 ut
815 2147 1012 2197 quisquam
1041 2148 1155 2188 ullius
1186 2150 1293 2204 pretii
1325 2150 1435 2188 fuerit
1458 2149 1528 2190 hu-

256 2203 363 2253 jusee
386 2205 437 2242 rei
461 2207 610 2254 auftor3
636 2206 700 2246 sed
726 2209 907 2257 quoniam
930 2209 1009 2259 ipse
1032 2210 1153 2250 statim
1178 2211 1352 2261 subjicit,
1385 2213 1525 2265 impera-

255 2267 389 2304 toribus
413 2268 547 2319 coel2stes
573 2270 740 2316 honores,
762 2282 865 2322 atque
885 2272 985 2310 etiam
1008 2273 1133 2312 Heroa
1156 2276 1283 2314 decerta
1303 2273 1429 2325 fiufffe,
1454 2274 1522 2312 m}-

258 2328 329 2367 rari
359 2327 483 2375 subit,
509 2330 600 2379 quid
626 2331 739 2381 igitur
766 2331 938 2370 intereffe
962 2341 1092 2382 putet,
1116 2347 1183 2383 ne,
1210 2336 1273 2384 qui
1296 2334 1376 2374 haec
1397 2334 1522 2374 facere.

303 2469 328 2514 S
360 2470 510 2506 LXXIX.
532 2470 606 2506 Liv.
630 2473 720 2517 Epir.
743 2474 864 2518 vene-j.
885 2484 925 2516 2,
947 2473 1001 2516 89,
1021 2474 1106 2512 Dio.
