1617 2963
235 256 325 287 :212
394 237 482 285 JO.
519 233 1016 280 FREINSHEMII
1053 232 1413 283 SUPPLEM.

229 344 441 387 Exercebat
462 352 589 381 tamen
615 343 650 380 δε
675 339 824 380 senatus
847 341 1016 389 judicia,
1040 342 1366 391 quemadmodum
1392 342 1506 382 olim:

233 408 324 458 quin
352 408 386 446 δε
414 403 674 454 legationibus
709 404 902 442 interdum
930 416 1061 454 regum
1095 413 1207 454 atque
1234 405 1432 444 nationum
1455 416 1511 441 re*-

228 467 364 519 sponsa
385 467 522 505 dabat:
552 463 717 515 populus
742 464 906 502 comitiis
932 464 1133 512 intererat,
1160 465 1257 504 nihil
1285 474 1412 505 tamen
1441 463 1508 501 nisi

232 531 282 569 de
313 527 501 567 sententia
544 526 720 577 principis
759 525 1069 564 constituebatur.
1102 525 1341 576 Magistratus
1372 524 1508 575 partim

228 589 312 640 ipse
345 588 588 638 defignabat‚
626 587 761 636 partim
798 585 981 636 suffragiis
1011 586 1156 626 sinebat
1184 588 1328 635 creari;
1361 586 1510 636 semper

231 653 402 691 animum
442 649 675 694 intendens,
713 661 760 686 ne
792 648 941 699 indigni
980 647 1138 694 fierent,
1180 656 1245 688 aut
1281 646 1510 699 faelionibus

233 726 278 753 ac
302 711 501 751 ambitioni
529 709 634 748 locus
666 708 768 748 effet.
803 710 873 749 His
900 709 939 747 in
970 709 1187 748 universum
1210 710 1263 748 ita
1296 707 1480 748 ordinatis
1498 736 1510 754 ,

233 775 415 822 deinceps
438 770 603 820 singula,
626 783 707 820 quae
734 770 933 809 memorari
956 770 1069 820 digna
1100 778 1329 817 occurrent,
1351 769 1422 808 suis
1442 781 1512 806 an-

228 844 364 875 notata
398 832 633 882 temporibus
672 831 892 871 referentur.
937 832 1027 870 Non
1062 831 1165 869 enim
1192 830 1259 870 abs
1285 842 1324 868 re
1354 829 1509 867 miratus

230 896 491 937 Alexandrum
522 893 584 931 hic
609 893 786 943 princeps
802 921 813 939 ‚
839 891 1025 941 plerisque
1058 891 1098 929 in
1123 891 1379 929 adolescentia
1401 888 1510 927 suba-

233 961 327 1006 ξὶίε,
362 970 408 995 ne
441 955 638 995 materiam
675 954 813 1004 agendi
851 953 977 1002 postea
1010 966 1088 991 non
1122 952 1213 991 effet
1243 952 1438 991 habiturus
1467 949 1513 986 ti-

232 1026 430 1066 mentem,
466 1020 588 1066 majus
617 1016 690 1056 esse
728 1015 954 1055 existimavit
990 1015 1195 1065 imperium
1233 1023 1382 1065 partum
1413 1013 1513 1051 bene

237 1078 487 1126 constituere,
511 1092 621 1129 quam
637 1110 647 1125 ‚
662 1078 787 1117 donec
809 1077 953 1120 defuit,
977 1089 1152 1121 quaerere.
1168 1076 1284 1126 idque
1297 1075 1407 1114 rebus
1427 1073 1515 1123 iplis

234 1135 479 1176 laudabiliter
508 1140 688 1184 praeititit.
1361 1175 1363 1177 ι

311 1205 434 1245 CXII.
465 1205 583 1254 Igitur
617 1202 756 1241 eodem
794 1199 1018 1247 consulatu,
1050 1200 1128 1239 vias
1163 1209 1269 1239 extra
1298 1198 1434 1238 urbem
1467 1212 1514 1239 ex

234 1267 446 1309 manubiali
479 1266 640 1316 pecunia
688 1264 902 1303 sternendas
941 1261 1238 1312 triumphalibus
1269 1263 1358 1299 viris
1396 1254 1526 1299 distri-⁴

239 1333 346 1378 buit3
370 1341 528 1380 excepta
550 1329 617 1367 fibi
642 1327 854 1372 Flaminia,
875 1338 958 1375 quae
979 1326 1026 1363 ad
1054 1326 1270 1364 Ariminum
1297 1322 1411 1373 usque
1435 1336 1517 1373 per-

237 1395 412 1441 tinebat,
445 1393 549 1442 quod
585 1404 651 1441 per
677 1403 762 1428 eam
792 1392 971 1431 ducturus
993 1387 1205 1426 exercitum
1236 1395 1326 1425 erat.
1368 1385 1515 1424 Celeri-

234 1466 292 1498 ter
309 1471 351 1495 ea
372 1455 588 1507 permunita
610 1454 685 1499 est,
705 1452 832 1501 obque
855 1463 940 1492 eam
962 1449 1112 1488 causam
1141 1449 1178 1487 in
1205 1448 1355 1487 duobus
1377 1448 1515 1497 capiti-

239 1519 311 1558 bus
331 1520 398 1558 viae
418 1517 527 1568 positi
544 1516 627 1554 sunt
653 1525 760 1553 arcus
783 1524 871 1551 cum
888 1511 1015 1550 statuis
1030 1510 1198 1560 Augusti,
1218 1522 1316 1547 unus
1338 1509 1375 1546 in
1397 1516 1515 1558 ponte

236 1581 389 1621 Tiberis
407 1610 416 1627 ‚
445 1579 537 1617 alter
568 1576 735 1616 Arimini.
770 1586 931 1624 quorum
959 1571 1088 1610 adhuc
1116 1572 1154 1610 in
1190 1571 1356 1609 nummis
1388 1571 1514 1619 imago

236 1643 388 1689 visitur,
414 1653 502 1680 cum
529 1640 600 1677 hac
618 1637 862 1687 inscriptione
884 1647 893 1673 ε
921 1645 954 1673 s.
977 1644 1014 1673 P.
1038 1645 1076 1678 Q.
1096 1643 1134 1672 R.
1161 1643 1261 1672 offis.
1285 1641 1513 1671 AUGUSTO.

241 1716 377 1752 Quon.
402 1714 502 1744 vlffi.
529 1711 740 1741 MUNITAE.
766 1708 899 1738 SUNT.
926 1697 970 1736 ln
995 1695 1274 1735 ceterasetiam
1302 1696 1404 1742 vias,
1424 1705 1513 1731 cun-

240 1770 385 1808 &anter
415 1765 582 1803 sumtum
613 1761 865 1813 praebentibus
902 1758 1012 1805 aliis,
1051 1757 1215 1797 multum
1253 1757 1301 1796 de
1333 1755 1418 1802 sua,
1449 1762 1514 1793 aut

239 1829 397 1880 publica
431 1826 589 1876 pecunia
616 1824 814 1874 impendit.
847 1821 917 1861 Ille
942 1830 1070 1859 tamen
1101 1821 1150 1858 de
1176 1819 1239 1858 sua
1273 1817 1414 1857 dedisse
1434 1831 1514 1856 ma-

240 1891 346 1929 lebat
362 1888 500 1927 videri:
540 1900 664 1936 eoque
687 1888 721 1925 &c
745 1892 939 1934 argenteas
967 1883 1102 1920 statuas
1129 1881 1209 1919 suas
1234 1885 1336 1931 (quo
1366 1893 1414 1918 ex
1438 1892 1516 1918 me-

242 1951 338 1989 tallo
366 1948 460 1987 nulli
487 1958 599 1985 antea
625 1947 798 1985 Romano
819 1945 945 1994 politae
975 1944 1150 1995 fuerant)
1169 1942 1335 1989 sustulit,
1364 1943 1402 1980 δε
1426 1955 1515 1981 con-

241 2011 347 2051 flavit
385 2022 530 2048 omnes,
574 2011 609 2048 ἃ
648 2020 693 2046 ex
727 2021 769 2047 ea
806 2007 965 2057 pecunia
1001 2006 1165 2045 cortinas
1196 2017 1324 2044 aureas
1362 2006 1401 2043 in
1433 2005 1514 2043 aede

241 2072 428 2123 Apollinis
449 2070 604 2111 Palatini
630 2069 766 2120 posuit.
798 2069 968 2109 perfeeto
986 2068 1181 2107 Flaminiae
1210 2067 1278 2104 viae
1303 2078 1418 2115 opere
1435 2096 1445 2113 ‚
1470 2078 1511 2104 at

241 2136 383 2175 viribus
406 2148 452 2173 ex
475 2134 609 2172 morbo
627 2163 638 2180 ,
669 2145 745 2182 quo
768 2132 866 2169 circa
890 2132 992 2170 Non.
1023 2130 1117 2178 Maj.
1147 2137 1340 2178 correptus
1365 2128 1485 2166 fuerat
1505 2159 1516 2175 ,

242 2197 495 2246 recuperati33
523 2194 712 2244 profectus
732 2194 779 2232 ab
802 2193 892 2232 urbe
915 2192 1055 2239 Caesar,
1074 2191 1261 2230 Britannis
1279 2190 1414 2228 inferre
1437 2189 1517 2227 bel-

244 2257 324 2298 lum
343 2258 593 2296 constituerat.
619 2257 693 2296 Sed
718 2255 780 2294 ubi
801 2264 1024 2305 perventum
1047 2255 1087 2292 in
1102 2252 1260 2293 Galliam
1284 2253 1354 2299 est,
1378 2253 1514 2290 obvios

245 2333 378 2359 eorum
411 2329 574 2358 oratores
601 2318 756 2367 habuit,
786 2330 921 2367 pacem
949 2317 1174 2367 petentium.
1219 2316 1368 2356 Idcirco
1397 2316 1516 2364 depo-

245 2383 314 2423 fito
343 2383 467 2433 priore
491 2381 669 2430 confllio,
698 2381 737 2420 in
761 2380 881 2420 Gallia
907 2380 1090 2428 substitit,
1123 2392 1238 2431 quam
1271 2391 1401 2419 recens
1428 2377 1511 2417 sub-

293 2524 316 2569 §
350 2524 440 2560 cxl.
464 2524 544 2558 Dio.
576 2523 666 2560 Plut.
698 2524 839 2569 apopht,
865 2523 961 2558 Rom.
990 2535 1020 2557 c.
1042 2525 1097 2563 46.
