1617 2963
226 203 322 248 274
356 186 435 232 JO.
467 184 550 230 FR.
569 182 727 229 SUPP.
752 180 814 227 IN
832 181 972 229 LOC.
988 183 1035 228 L.
1060 182 1333 230 CXXXVII
1350 186 1469 235 LIV.

223 293 325 333 ambo
349 293 474 332 alterve
487 322 498 340 ‚
513 294 551 343 st
573 291 617 329 iis
639 289 810 329 videbitur
829 321 842 336 ,
875 291 1040 329 adhibitis
1061 292 1289 344 praetoribus,
1312 294 1372 346 qui
1389 294 1509 334 aerarz'w

219 354 397 409 praesunt,
424 353 605 406 praebetzda
635 352 751 392 locent.
790 351 957 391 Primum
991 353 1074 400 ejus
1105 352 1156 390 rel
1181 360 1397 393 curatorem
1429 356 1510 393 Au-

227 415 355 466 gustus
372 413 586 454 Messallam
604 413 810 454 Corvinum
830 413 942 461 fecit,
976 414 1035 452 cui
1061 414 1256 462 adjutores
1278 415 1356 455 dati
1381 415 1508 456 Postu-

223 488 310 516 mus
339 475 529 526 Sulpicius
564 475 757 526 praetorius
774 505 785 523 ‚
811 476 845 514 Sc
874 475 911 514 L.
938 475 1152 515 Cominius.

295 539 401 579 XIV.
437 540 584 580 Eodem
619 552 719 580 anno
751 537 856 586 ludi,
892 551 987 588 quos
1017 538 1063 577 ab
1090 537 1237 578 urbano
1261 546 1419 590 praetore
1444 552 1511 579 cu..

221 602 293 641 rari
325 601 496 641 solemne
524 609 630 648 erat,
671 600 830 640 nomine
867 599 972 640 Drusi
1014 600 1378 651 magnificentiffimi
1416 601 1508 641 faeti

219 661 319 702 sunt.
358 663 477 702 Etiam
503 662 639 702 natalis
678 662 830 713 Augusti
857 674 925 712 per
960 662 1102 701 circum
1132 664 1166 702 &
1194 662 1265 701 alia
1291 662 1392 702 urbis
1422 661 1510 702 loca

222 723 490 763 venationibus
527 724 763 763 celebratus:
807 724 954 773 idque,
985 723 1075 763 licet
1110 723 1214 763 nullo
1251 724 1400 764 senatus
1437 725 1510 763 de-

221 796 354 835 creto,
378 786 458 826 fieri
496 788 704 838 quotannis
736 800 755 825 a
783 786 1008 836 praetoribus
1035 786 1225 828 obtinuit:
1258 787 1510 836 quemadmo-

223 849 317 887 dum
341 851 376 889 &
397 849 540 899 equites
565 848 729 889 Romani
756 847 924 886 natalem
952 849 1036 896 ejus
1058 847 1191 898 sponte
1210 856 1324 899 atque
1348 847 1508 887 consen-

220 909 265 950 su
305 911 422 950 biduo
459 911 663 962 quotannis
704 910 959 949 celebrarunt.
998 910 1073 949 Sed
1112 911 1147 949 δε
1176 908 1414 959 Augustalia,
1457 908 1508 948 fic

221 984 383 1023 propter
409 972 576 1011 reditum
603 973 685 1020 ejus
709 970 921 1021 appellatus
950 971 1055 1018 dies,
1076 979 1159 1010 turn
1184 971 1354 1021 primum
1377 983 1425 1010 ex
1449 970 1504 1009 se-

218 1032 505 1072 natusconsulto
536 1032 701 1083 publicis
743 1031 967 1083 spectaculis
1001 1032 1195 1071 transacta.
1242 1032 1421 1072 Ceterum
1455 1032 1506 1072 ab

219 1093 307 1144 ipso
332 1094 474 1133 Caesare
500 1093 617 1142 faeti,
642 1101 812 1141 ceteros,
835 1101 877 1132 ut
897 1105 1048 1143 aequum
1070 1092 1145 1140 est,
1169 1091 1293 1130 sumtu
1315 1104 1360 1132 ac
1381 1091 1505 1143 splen.

219 1156 314 1195 dore
350 1158 550 1206 vicerunt,
583 1169 673 1196 cum
704 1156 895 1195 theatrum
923 1155 1122 1204 Marcelli,
1145 1153 1324 1195 locorum
1349 1155 1506 1205 triginta

217 1220 387 1259 millium
411 1231 552 1269 capax,
570 1232 603 1259 a.
624 1220 661 1258 d.
690 1219 740 1259 IV
764 1219 895 1258 Nonas
915 1218 1040 1268 Majas
1062 1218 1317 1259 dedicaretur.
1345 1217 1509 1258 Istorum

219 1281 403 1322 ludorum
420 1281 687 1321 commistione
709 1283 858 1330 evenit,
874 1290 917 1320 ut
930 1313 943 1329 ,
967 1280 1103 1320 laxatis
1125 1280 1224 1320 sellae
1244 1278 1384 1319 curulis
1402 1291 1509 1319 com-

217 1343 402 1396 pagibus,
426 1343 546 1382 Caesar
567 1343 720 1393 supinus
750 1343 914 1382 caderet.
954 1343 1038 1383 Nec
1075 1342 1166 1381 ideo
1198 1342 1322 1381 minus
1347 1341 1506 1390 Trojam

217 1406 372 1457 patricii
398 1405 503 1456 pueri
522 1404 690 1444 luserunt
709 1434 719 1449 ,
744 1405 842 1444 inter
863 1418 957 1456 quos
981 1406 1016 1444 ἃ
1036 1404 1172 1453 Caius,
1190 1403 1341 1454 Augusti
1364 1415 1506 1452 nepos„

218 1470 357 1508 ottavo
394 1468 511 1506 aetatis
542 1480 654 1507 anno.
693 1467 880 1506 Africanae
907 1468 1025 1506 etiam
1053 1465 1337 1517 quadringentae
1370 1464 1504 1515 viginti

217 1527 443 1582 (sexcentas
473 1527 536 1567 alii
566 1528 821 1578 scripserunt)
845 1527 1066 1569 interfectae.
1098 1527 1143 1567 In
1170 1526 1322 1565 scenam
1350 1536 1506 1575 quoque

219 1591 481 1631 mansuefacta
507 1591 612 1642 tigris
632 1592 670 1643 in
696 1603 812 1631 cavea
840 1592 991 1630 invecta
1012 1590 1088 1641 est·,
1115 1589 1231 1643 idque
1256 1586 1397 1631 animal
1421 1595 1505 1629 tum

218 1655 389 1705 primum
413 1654 547 1695 Romae
576 1653 731 1706 publice
760 1653 987 1705 spectatum.

265 1770 291 1816 5
314 1771 409 1806 xm.
432 1771 514 1808 Dio·
