1617 2963
300 213 358 274 36
461 210 552 255 JO.
594 206 1085 253 FREINSHEMII
1133 208 1486 257 SUPPLEM.

301 318 394 365 bat,
426 317 529 356 unde
564 314 722 354 alendus
753 313 809 353 illi
850 316 1038 354 exercitus
1074 315 1176 356 effer.
1216 314 1317 368 Ergo
1349 330 1437 357 cum
1474 316 1582 357 alteri

296 378 435 430 proelio
465 377 670 416 decernere
695 374 891 423 lubitum,
915 375 1022 415 alteri
1059 377 1251 416 necessum
1287 378 1498 427 videretur3
1529 378 1582 418 ad

289 441 487 486 „summam
518 437 812 477 dimicationem
838 438 942 478 haud
975 453 1073 490 aegre
1102 440 1266 480 deducta
1293 454 1351 480 res
1380 442 1443 480 est.
1476 442 1581 481 Con·

297 499 415 539 tinuis
447 496 601 546 aliquot
631 496 765 537 diebus
803 497 923 537 Caesar
956 499 1151 540 instruetas
1191 500 1361 551 legiones
1395 510 1484 541 ante
1519 515 1582 540 ca-

296 561 393 605 stra,
438 570 553 597 naves
590 557 630 596 in
663 558 760 596 mari
796 558 963 609 Agrippa
996 559 1267 610 ostentaverat,
1302 563 1580 602 reformidante

292 619 533 671 congressum
555 621 764 671 Pompejo,
795 621 900 671 quod
925 633 1005 660 erat
1030 622 1233 674 utrobique
1265 624 1462 664 infirmior.
1492 636 1577 665 tum

291 696 383 723 vero
409 694 607 730 metuens,
634 697 705 731 ne,
733 683 757 721 fi
778 683 1037 735 subterfugere
1061 686 1239 736 proelium
1261 696 1461 738 pergeret,
1491 696 1579 726 tan-

291 757 405 796 quam
433 744 497 783 sua
518 745 759 784 conceffione
785 746 931 793 vietus,
955 759 976 785 a
1000 746 1108 786 sociis
1131 747 1382 798 desereretur,
1409 749 1506 788 mifit
1525 749 1576 788 ad

291 799 551 838 Offilavianum
585 801 801 847 quaehturos
815 826 827 844 ,
848 810 962 834 utrum
986 803 1110 837 navali
1132 815 1256 853 pugna
1275 805 1361 839 velit
1383 806 1578 841 decernere:

283 872 367 911 qua
397 867 502 910 parte
532 858 599 897 fibi
627 857 843 909 plusculum
876 858 1107 899 confidebat.

341 926 489 967 XXIV.
527 926 709 966 Caesarem
736 939 912 977 quoque,
940 927 1030 966 licet
1054 928 1168 968 semel
1195 929 1410 981 iterumque
1429 932 1574 982 impro-

284 990 393 1040 spere
421 998 570 1029 tentato
596 992 713 1038 mari,
747 992 1012 1030 conditionem
1039 992 1208 1032 recusare
1227 995 1376 1044 puduit.
1402 995 1492 1035 Dies
1513 1008 1570 1034 er-

284 1064 334 1101 go
369 1051 545 1090 condiCta
571 1052 648 1100 est,
680 1054 719 1091 in
744 1066 857 1102 quam
879 1054 1060 1092 trecentis
1085 1054 1263 1104 utrinque
1286 1056 1447 1096 navibus
1472 1069 1569 1096 con-

279 1120 503 1152 curreretur.
539 1113 654 1152 Terra
679 1126 834 1164 quoque
860 1114 1045 1154 instruotae
1070 1114 1155 1155 sunt
1178 1116 1304 1165 acies;
1334 1117 1399 1156 sed
1426 1117 1571 1168 specsta-

280 1182 376 1214 turae
411 1183 560 1213 tantum
599 1176 790 1233 maritimo
829 1175 964 1227 proelio
998 1178 1237 1217 dimicantes.
1285 1179 1330 1218 In
1363 1192 1409 1218 eo
1437 1180 1568 1219 labore

278 1239 346 1278 sita
374 1238 542 1289 utrisque
568 1238 715 1278 summa
745 1253 872 1278 rerum
897 1240 1123 1280 videbatur:
1159 1254 1231 1280 nec
1254 1243 1302 1281 ad
1329 1242 1566 1283 instruendas

277 1300 411 1340 claffes
432 1303 644 1352 quidquam
669 1301 803 1352 reliqui
825 1302 1006 1341 fecerant.
1034 1303 1153 1354 Igitur
1176 1304 1311 1343 acriter
1336 1308 1371 1345 ἃ
1398 1307 1465 1345 diu
1487 1318 1566 1346 cer-

275 1372 401 1403 tatum
430 1363 509 1411 est3
549 1377 781 1414 quamquam
812 1364 987 1414 Agrippae
1020 1365 1166 1403 recenti
1201 1375 1423 1407 commento
1453 1368 1567 1408 Pom-

274 1428 408 1477 pejani
440 1426 604 1477 graviter
623 1425 900 1465 infestarentur.
935 1425 1102 1477 harpago
1126 1436 1227 1474 erat,
1262 1428 1326 1467 sed
1353 1442 1396 1468 ea
1416 1430 1561 1479 forma,

275 1491 320 1525 ut
351 1489 386 1526 ὃς
411 1487 465 1525 vis
490 1489 572 1535 ejus
603 1486 790 1525 robustior
815 1486 906 1525 ess‘et
937 1487 1072 1537 solito,
1106 1491 1142 1529 <Sc
1173 1489 1405 1531 inevitabilis
1438 1494 1562 1542 impe-

271 1555 350 1587 tus.
391 1548 561 1599 Tignum
594 1550 699 1588 enim
730 1550 948 1588 cubitorum
976 1552 1144 1601 quinque
1171 1552 1272 1591 ferro
1310 1562 1563 1605 coopertum,

273 1610 428 1649 duobus
461 1611 502 1649 in
535 1620 700 1662 utroque
732 1613 857 1662 capite
891 1611 1019 1651 ferreis
1054 1613 1205 1653 annulis
1241 1614 1457 1655 firmiffimis
1492 1618 1561 1655 in-

270 1671 487 1711 struxerat:
528 1685 576 1711 ex
617 1670 769 1711 horum
794 1671 913 1724 altero
952 1673 1145 1723 pendebat
1184 1687 1304 1714 uncus
1335 1676 1476 1714 ferreus
1508 1677 1558 1716 ad

269 1733 661 1783 comprehendendas
695 1733 861 1772 hostium
897 1747 1037 1782 nave83
1076 1735 1171 1774 alter
1213 1737 1356 1776 multos
1387 1737 1558 1778 habebat

268 1795 488 1843 funiculos,
525 1796 661 1845 quibus
694 1795 863 1845 harpago
901 1795 1018 1834 semel
1054 1798 1195 1846 injecta
1233 1799 1420 1847 navibus,
1450 1809 1556 1849 apta-

267 1858 381 1898 batur
403 1858 617 1905 machinis‚
647 1871 808 1907 quarum
832 1871 948 1908 opera
978 1858 1249 1899 violentissimo
1280 1860 1362 1900 nisu
1391 1860 1557 1900 attrahe-

267 1931 382 1961 retur.
412 1922 547 1971 Neque
574 1921 731 1971 praecidi
757 1922 906 1971 tignum
931 1922 1032 1960 ferro
1062 1923 1252 1962 munitum
1284 1932 1455 1974 poterat,
1486 1937 1554 1964 ne-

266 1996 343 2033 que
366 1992 522 2033 propter
547 1985 627 2031 ejus
655 1983 934 2033 longitudinem
953 1986 1000 2022 ad
1028 1985 1223 2025 funiculos
1245 1987 1420 2036 pertingi.
1441 1987 1551 2027 Victa

267 2045 384 2095 igitur
399 2045 570 2096 Pompeji
590 2043 728 2093 classe,
753 2042 932 2093 pedestris
955 2045 1070 2083 etiam
1094 2046 1281 2084 exercitus
1306 2045 1443 2084 timore
1470 2058 1552 2085 cor-

265 2114 396 2156 reptus
416 2105 630 2145 Meffanam
657 2103 782 2143 versus
806 2104 934 2145 abivit.

267 2190 270 2195 ·
316 2175 446 2214 XXV.
475 2174 623 2215 Eodem
649 2175 682 2213 Sc
706 2174 819 2223 pauci
846 2186 892 2212 ex
921 2175 1044 2214 navali
1070 2175 1207 2225 proelio
1230 2176 1268 2215 se
1295 2185 1547 2228 receperunt,

261 2237 539 2288 septemdecim
574 2237 752 2276 navibus:
790 2250 884 2286 quos
913 2238 990 2288 ipse
1026 2252 1178 2290 quoque
1215 2254 1306 2280 mox
1341 2241 1546 2292 Pompejus'

261 2301 468 2341 comitatus
498 2301 551 2339 est
573 2314 593 2339 a
626 2297 832 2340 Naulocho
858 2301 1130 2342 conscendens.
1162 2305 1276 2342 ceteri
1305 2305 1405 2342 varia
1434 2303 1544 2343 clade

263 2363 405 2412 deleti3
438 2376 527 2403 cum
553 2365 691 2412 ejectas
715 2364 757 2402 in
784 2363 897 2405 litora
925 2377 1039 2405 naves
1064 2365 1184 2405 Caesar
1212 2366 1458 2415 incenderet,
1490 2364 1544 2404 al·

308 2496 331 2541 ς
356 2497 478 2534 xxm.
500 2485 646 2544 Appiam
672 2498 752 2533 Β».
