1617 2963
251 185 329 232 IN
374 185 542 232 LOC.
589 185 719 233 LIB.
764 186 985 233 CXXXII
1018 187 1165 233 LIV.
1295 198 1357 251 93*

80 292 169 341 quin
195 292 397 342 repudium
425 291 591 331 Oetaviae
621 293 810 339 mitteret,
834 307 973 345 eamque
989 293 1071 346 suis
1096 293 1227 331 adibus
1246 292 1357 342 jube-

78 361 135 390 ret
151 357 312 393 excedere.
333 353 403 393 Illa
420 353 570 402 plorans
591 354 625 391 ἅ
644 352 1012 407 lamentabunda,fi
1025 369 1153 408 quoque
1172 356 1262 393 inm
1273 370 1356 393 cau-

69 413 136 465 sas
159 413 239 450 belli
272 414 353 465 effe,
383 412 527 459 exivit;
552 424 600 450 ne
632 421 715 450 turn
742 412 896 462 quidem
925 426 1014 453 cura
1039 415 1206 465 deposita
1240 415 1357 465 privi-

78 486 262 522 gnorum,
288 486 382 523 quos
404 486 477 512 una
506 472 634 512 secum
657 473 818 522 eduxit,
839 482 972 524 praeter
994 478 1210 517 maximum
1236 487 1354 526 natu,

79 536 142 585 qui
176 536 367 584 profectus
396 535 445 574 ad
471 544 619 585 patrem
645 535 779 574 fuerat.

144 598 207 637 VI.
245 598 366 638 Triste
406 596 664 647 spectaculum
691 595 732 634 id
769 596 914 646 populo
949 598 1056 639 fuit:
1091 613 1213 650 neque
1250 601 1357 643 illam

76 659 197 698 modo
223 659 515 706 miserabantur,
537 658 602 697 sed
630 658 839 697 Antonium
867 659 1012 708 magis,
1034 661 1097 709 qui
1124 662 1238 701 talem
1260 677 1356 702 uxo-

74 734 155 760 rem
182 735 311 760 amens
336 721 547 760 dimitteret
570 722 611 758 in
638 719 852 770 Cleopatrae
881 721 1060 772 gratiam,
1082 736 1187 772 quae,
1214 738 1262 763 ne
1282 726 1358 764 for.

76 795 139 821 ma
163 783 318 832 quidem
333 814 346 829 ,
367 795 440 832 qua
464 795 539 821 una
567 783 777 827 niteretur,
798 792 863 821 aut
886 784 1008 823 aetatis
1035 785 1128 823 flore
1154 786 1356 828 Octaviam

75 846 252 885 vinceret.
280 849 327 884 At
355 844 464 883 luxus
492 848 527 884 δε
554 845 709 884 tarditas
742 846 895 884 Antonii
931 860 1071 897 magno
1102 857 1205 886 metu
1239 849 1356 889 Caesa-

74 919 154 946 rem
177 906 373 956 liberavit,
397 920 444 946 ne
467 906 687 957 imparatior
710 908 824 946 ordiri
855 907 998 947 bellum
1030 918 1237 959 cogeretur.
1264 924 1355 950 nam

72 970 233 1009 Antonii
259 969 459 1008 oscitantia
480 969 651 1020 ,spatium
679 971 714 1008 ei
750 970 880 1016 dedit,
915 971 950 1009 ὃς
977 971 1140 1021 cogendi
1172 973 1353 1020 pecunias

75 1030 124 1069 ab
147 1031 296 1077 invitis,
320 1033 355 1071 &
386 1030 567 1081 placandi
599 1029 800 1080 spoliatos,
823 1044 987 1081 quorum
1014 1032 1125 1071 dolor
1158 1033 1254 1071 inter
1280 1034 1355 1072 exi-

75 1094 245 1144 gendum
272 1092 500 1140 acerrimus,
521 1091 587 1131 ubi
613 1089 823 1138 dedissent,
847 1094 1002 1132 modico
1026 1094 1245 1146 interposito
1261 1104 1356 1135 tem-

74 1169 171 1208 pore
195 1156 448 1208 mitigabatur.
478 1156 579 1195 Dum
604 1156 686 1195 haec
711 1166 898 1207 aguntur,
923 1157 1027 1196 velut
1046 1159 1084 1196 in
1106 1158 1282 1198 solatium
1298 1172 1356 1198 ur.

76 1218 127 1258 be
154 1218 445 1267 excedentium,
473 1218 625 1257 fortuna
654 1218 786 1258 Caesari
821 1219 1004 1269 quosdam
1032 1219 1190 1260 illustres
1214 1234 1263 1260 ex
1292 1235 1357 1261 coa

75 1278 189 1319 horte
224 1281 435 1319 amicorum
467 1280 625 1319 Antonii
656 1279 824 1318 restituit.
854 1279 957 1319 Inter
983 1293 1077 1330 quos
1103 1281 1144 1321 L.
1174 1281 1357 1330 Plancus,

77 1343 145 1392 qui
178 1341 301 1381 fuerat
333 1341 372 1380 in
405 1341 620 1392 turpissimis
646 1340 908 1381 adulatoribus
942 1343 1177 1394 Cleopatrae,
1201 1352 1358 1395 propter

73 1417 210 1444 vocem
234 1405 387 1444 Antonii
410 1407 549 1454 jactam
568 1405 606 1443 in
633 1405 809 1444 convivio
826 1436 837 1453 ,
865 1419 936 1455 qua
963 1407 1027 1445 fibi
1049 1408 1196 1457 rapinas
1222 1421 1357 1459 expro-

76 1467 179 1506 brari
197 1466 382 1514 senserat,
409 1467 458 1505 ad
486 1465 669 1505 Caesarem
695 1467 916 1517 transfugit:
951 1480 1116 1518 eumque
1141 1470 1255 1522 paulo
1275 1470 1358 1521 post

78 1527 139 1568 M.
160 1528 282 1568 Titius
299 1559 310 1575 ‚
336 1528 461 1567 sorore
487 1526 614 1567 Planci
642 1528 791 1576 genitus
808 1559 819 1576 ,
844 1529 1010 1568 imitatus
1033 1529 1097 1570 est.

82 1578 85 1587 Ζ
132 1589 217 1629 Vll.
251 1589 326 1629 Sed
360 1589 386 1627 ii
421 1588 573 1627 causam
604 1588 831 1628 defectionis
858 1588 957 1628 hanc
982 1591 1205 1631 ediderunt:
1233 1593 1359 1631 Anto-J

79 1651 175 1689 nium
205 1653 338 1689 afflone
370 1650 542 1702 Caesaris,
570 1651 647 1703 post
678 1651 852 1704 disceffum
886 1653 1061 1705 considam
1092 1655 1132 1690 de
1153 1654 1285 1707 scripto
1309 1670 1358 1693 re.

76 1714 223 1754 citantis
243 1711 319 1765 ejus
336 1713 530 1765 facinora,
551 1713 748 1761 irritatum,
772 1715 957 1752 amicorum
979 1715 1162 1753 concilium
1187 1717 1325 1769 coegtſje
1336 1733 1356 1766 ‚-

76 1777 190 1828 ibique
211 1775 328 1813 mullis
343 1776 381 1813 in
407 1785 584 1826 utramque
607 1787 739 1828 partem
761 1777 979 1829 disputatis,
1006 1777 1151 1825 bellum,
1176 1782 1356 1831 repudiata:

79 1839 256 1887 Οέῖανὶα,
276 1835 425 1888 decreffi.
452 1834 636 1888 Ejusmodi
658 1837 851 1889 conficltis,
874 1839 909 1876 δ’
932 1838 1116 1890 Cleopatrae
1141 1839 1240 1877 taedio
1254 1871 1267 1887 ,
1285 1854 1359 1878 mu.

76 1898 158 1951 taff}
186 1910 307 1950 partes
343 1897 521 1935 deteriores
549 1896 757 1936 melioribus.
792 1899 890 1935 Nam
916 1899 950 1937 6³
971 1899 1164 1951 fitgillatos
1189 1914 1212 1936 a
1236 1900 1356 1952 regina

77 1961 139 2017 effi
153 1991 165 2009 ,
182 1962 274 2012 quod
293 1960 454 1998 Antonio
475 1959 652 2011 consilium
672 1960 862 1999 remittendi
879 1976 952 1999 eam
969 1962 1005 1998 in
1023 1963 1104 2014 AEg
1127 1974 1224 2014 ptum
1241 1964 1356 2016 dedis-

71 2023 159 2074 sent.
192 2021 342 2062 Caesaris
373 2036 452 2061 non
481 2022 674 2071 interfuit,
709 2023 847 2073 quibus
883 2023 1041 2074 quisque
1075 2025 1191 2063 caulis
1224 2024 1358 2064 disces-

79 2084 195 2124 sisset:
228 2085 516 2134 opportunitate
542 2083 746 2124 hominum
779 2084 865 2124 usus
899 2086 970 2133 est,
997 2086 1061 2135 qui
1089 2088 1172 2126 acta
1195 2085 1358 2126 secretis-2

79 2146 170 2186 fima
197 2148 232 2186 &
263 2147 426 2186 abstrusa
452 2147 695 2187 consiliorum
733 2148 888 2187 Antonii
920 2156 1116 2188 noverant.
1154 2148 1274 2187 Iidem
1302 2156 1357 2186 ten

81 2207 265 2246 stamento
287 2207 450 2247 adhibiti
469 2209 602 2257 testes,
622 2210 812 2257 judicium
835 2211 916 2258 ejus
938 2210 1071 2249 Caesari
1095 2210 1365 2260 prodiderunt:

79 2281 152 2307 nec
190 2267 253 2307 ille
281 2269 527 2319 conquievit,
559 2270 780 2321 priusquam
815 2281 1004 2322 repertum
1033 2273 1258 2324 resignaret,
1286 2285 1358 2311 nec·

78 2332 119 2370 in
145 2331 273 2370 senatu
294 2340 441 2370 tanturn
457 2363 468 2380 ,
490 2333 555 2371 sed
583 2333 697 2372 etiam
726 2335 765 2371 in
790 2336 977 2374 concione
1007 2336 1141 2386 populi
1164 2337 1356 2375 recitaret.

132 2393 234 2434 VIII.
266 2395 378 2444 Apud
409 2395 596 2445 Vestales,
624 2396 678 2434 uti
707 2396 1003 2448 consueverant,
1032 2398 1247 2449 depositum
1270 2397 1354 2450 sue·4

129 2509 153 2554 5
181 2510 225 2547 v.
250 2510 340 2546 mut.
364 2510 387 2556 5
415 2511 476 2548 v1.
498 2511 581 2546 Dio.
600 2511 725 2557 venej.
746 2512 768 2558 5
790 2513 866 2552 vu.
882 2513 974 2548 mut.
990 2513 1072 2550 Dio.
