1617 2963
236 191 318 237 [Ν
353 189 531 237 LOC.
566 189 704 237 Lis.
739 188 940 235 cxxxi
981 187 1134 234 mv,
1290 201 1355 248 77

69 304 167 338 teras
193 297 366 337 attribuit
392 295 558 345 quinque
590 294 624 332 &
650 292 784 341 viginti
808 291 1034 331 cohortibus
1062 290 1115 330 ibi
1139 289 1355 341 collocata·

71 359 210 410 quibus
237 359 366 399 Fufius
396 357 578 397 Geminus
614 354 814 404 praefeetus
848 354 911 393 est.
947 353 1108 393 Reverso
1142 354 1283 392 deinde
1314 355 1356 392 in

68 420 204 459 urbem
241 419 374 459 Caesari
415 415 631 467 triumphus
671 416 878 455 decretus:
922 429 997 465 quo
1039 416 1283 454 commodius
1314 416 1357 454 in

71 491 223 532 tempus
251 481 394 530 dilato,
413 484 534 532 (nam
558 479 607 518 ad
623 486 748 517 cetera
776 479 1041 527 perdomanda
1069 478 1189 516 redire
1209 477 1247 515 in
1271 475 1360 527 Illy-

68 546 190 583 ticum
212 541 415 596 statuerat)
452 540 570 581 sorori
601 540 790 588 uxorique
820 538 957 577 statuas
991 539 1251 577 decernendas
1285 550 1360 577 cu-

67 606 187 652 ravit,
209 615 323 655 atque
347 616 470 642 rerum
498 602 643 641 suarum
673 599 1044 639 administrationem
1068 598 1226 638 liberam
1243 629 1253 647 ,
1277 612 1360 649 par-

69 680 145 719 que
178 668 340 706 tribunis
372 668 454 715 jus,
482 677 557 715 quo
585 663 631 703 ab
662 663 822 712 antiquo
854 661 1077 700 sacrosancti
1106 661 1359 702 habebantur.

122 736 317 778 XXXIII.
335 736 406 775 His
432 735 552 782 actis,
577 733 616 771 in
642 731 806 772 Galliam
831 731 882 769 est
901 730 1096 782 profectus
1121 744 1167 769 eo
1188 731 1359 780 consilio,

67 789 112 839 ut
134 800 182 838 ad
199 799 313 850 patris
338 797 562 848 exemplum
587 794 731 836 bellum
751 795 907 834 inferret
924 794 1146 834 Britanniae:
1174 794 1237 833 sed
1261 795 1353 834 Pan-

65 873 213 901 nonum
241 864 275 901 &
300 860 563 900 Dalmatarum
594 858 763 897 motibus
790 866 988 896 revocatus
1018 857 1095 904 est,
1120 868 1207 895 cum
1237 857 1356 895 modo

68 923 128 963 M.
156 925 347 963 Antonius
376 922 431 963 M.
459 920 500 961 F.
528 919 750 966 Triumvir‚
778 918 818 959 L.
847 918 1070 958 Scribonius
1102 917 1197 957 Libo
1224 916 1361 956 consu.

67 985 188 1026 latum
221 986 384 1026 inissent.
424 983 541 1024 Fama
569 983 674 1022 enim
707 991 817 1021 atrox
853 980 976 1032 sparsa
1009 990 1108 1029 erat,
1138 981 1285 1020 relictas
1323 982 1363 1020 in

67 1048 275 1089 Pannoniis
313 1047 445 1097 copias
482 1043 691 1084 rebellione
723 1044 972 1084 barbarorum
1007 1043 1080 1084 effe
1117 1045 1271 1083 deletas.
1306 1044 1363 1082 id..

71 1112 176 1151 circo
210 1109 309 1150 nihil
344 1118 515 1148 moratus
558 1106 753 1155 hiemem,
792 1118 880 1144 curn
920 1106 1105 1156 praecipiti
1141 1107 1276 1145 itinere
1313 1117 1360 1144 co

63 1172 314 1225 pervenisset,
332 1172 463 1217 audit,
479 1168 683 1219 improvisa
707 1169 923 1218 irruptione
951 1178 1096 1217 partem
1119 1167 1280 1218 praesidii
1295 1168 1362 1208 Se-

67 1234 211 1286 gesticae
237 1233 486 1272 desideratam
504 1230 576 1270 effe
597 1245 607 1279 3
632 1239 799 1269 ceterum
826 1229 1005 1279 postridie
1028 1229 1235 1270 Geminum
1263 1243 1363 1281 proe.

66 1293 122 1334 lio
147 1295 351 1342 vietorem,
381 1290 616 1343 recuperasse
642 1293 677 1330 ἃ
704 1289 850 1340 pacasse
881 1291 1022 1329 onmia.
1060 1290 1176 1330 Versis
1204 1303 1294 1340 ergo
1322 1292 1360 1329 in

67 1357 263 1398 Dalmatas
284 1357 423 1404 armis,
449 1357 537 1406 qui,
560 1355 644 1405 post
658 1353 758 1404 signa
779 1355 944 1404 quinque
965 1352 1183 1393 cohortium
1206 1355 1361 1392 ademta

69 1420 256 1468 Gabinio,
292 1432 487 1470 nunquam
522 1431 625 1456 arma
652 1416 926 1467 deposuerant,
958 1429 1083 1467 neque
1109 1418 1275 1455 coerceri
1309 1416 1358 1455 ab

67 1483 237 1533 Agrippa
273 1491 504 1532 potuerant,
534 1481 774 1520 Priamonem
805 1480 939 1527 duxit,
969 1491 1084 1530 quam
1113 1478 1246 1517 Versus
1276 1478 1361 1528 qui·

70 1546 161 1584 dam
187 1546 366 1592 nomine,
392 1542 657 1583 Dalmatarum
678 1542 833 1588 ductor,
860 1540 982 1580 rursus
1004 1553 1233 1591 occupatam
1259 1539 1360 1578 vallo

70 1605 242 1656 foffaque
271 1605 477 1644 clauserat:
505 1604 701 1653 occupatis
733 1605 768 1642 ἃ
800 1601 882 1641 aliis
917 1602 1016 1643 circa
1045 1602 1166 1651 locis,
1190 1615 1272 1653 quae
1294 1614 1361 1642 na-
1400 1640 1409 1644 ,

66 1678 152 1708 tura
180 1671 215 1708 Sc
243 1669 310 1707 situ
334 1667 648 1718 inexpugnabilia
682 1666 923 1706 videbantur.

139 1740 329 1781 XXXIV.
360 1740 479 1790 Regio
509 1739 612 1778 enim
647 1737 819 1777 montosa
853 1738 998 1785 omnis,
1027 1737 1248 1787 frequentes
1275 1735 1359 1776 ubit

68 1815 143 1852 que
171 1801 290 1840 colles
324 1802 494 1852 erigens,
522 1802 727 1851 pinnarum
755 1800 792 1837 in
819 1798 983 1849 speciem
1013 1800 1266 1839 acuminatur.
1291 1800 1359 1838 Su-

67 1875 137 1914 pra
164 1862 282 1901 millia
312 1861 519 1901 duodecim
551 1869 658 1898 erant
690 1858 953 1910 pugnaciffimi
984 1858 1160 1898 homines
1185 1875 1193 1899 2
1229 1860 1359 1909 itaque

70 1927 105 1965 ἃ
129 1925 317 1975 oppidum
344 1926 379 1964 &
405 1924 476 1963 hos
499 1923 617 1963 colles
643 1923 830 1973 dispositis
855 1932 1076 1973 opportune
1106 1921 1282 1972 praesidiis
1304 1934 1360 1960 re-

67 1987 253 2025 tinebant.
287 1984 407 2025 Caesar
425 1985 541 2036 igitur
557 2014 567 2032 ‚
589 1983 775 2024 inaccessa
799 1982 883 2022 loca
900 1984 1055 2030 videns,
1075 1981 1112 2021 se
1135 1979 1359 2022 circumvah

66 2049 146 2089 lare
167 2057 293 2087 totum
318 2048 428 2086 istum
462 2047 619 2086 collium
647 2047 837 2085 ambitum
864 2045 1166 2095 velle‚s1mulat.
1196 2048 1355 2085 interim

68 2110 168 2148 clam
194 2109 333 2148 emittit
362 2110 543 2148 idoneam
573 2121 732 2147 manum
752 2139 762 2155 ,
791 2121 873 2158 quae
906 2107 1072 2148 summos
1102 2108 1150 2147 ad
1186 2107 1358 2147 tumulos

68 2171 230 2220 reperire
248 2171 349 2210 viam
375 2181 545 2211 conetur.
566 2171 593 2209 Ii
616 2170 791 2209 homines
805 2201 817 2219 ,
832 2169 931 2209 silvis
952 2169 1136 2211 occultati
1152 2200 1163 2218 ,
1180 2168 1359 2207 stationes

66 2231 328 2272 Dalmatarum
361 2232 496 2270 somno
521 2232 750 2282 languentes
778 2233 896 2269 noctu
929 2230 1143 2278 invadunt,
1171 2229 1360 2268 sternunt-

69 2306 168 2343 que3
195 2295 230 2332 &
255 2295 452 2343 occupatis
476 2292 730 2342 superioribus
754 2291 873 2339 locis,
900 2291 1044 2342 signum
1062 2322 1073 2340 ‚
1095 2291 1199 2341 quod
1219 2300 1359 2327 conve-

69 2365 199 2404 nerat,
213 2356 344 2395 edunt.
369 2355 519 2395 idcirco
537 2354 678 2394 Caesare
696 2356 774 2393 vim
792 2354 978 2393 inferente
990 2383 1001 2402 ‚
1024 2352 1198 2401 barbari,
1213 2351 1357 2389 clamoa

113 2491 138 2536 S
161 2489 301 2541 XXXII,
323 2489 407 2528 Dio.
433 2491 579 2536 Appian.
615 2490 638 2536 §
666 2488 823 2527 xxxin,
853 2488 998 2535 Appiam,
1023 2485 1209 2532 DiogLiv.
1232 2483 1321 2529 Epir,
