1617 2963
190 211 272 257 IN
308 208 485 256 LOC.
519 207 658 254 LIB.
691 207 931 253 CXXXIII
973 206 1125 278 LIV.
1213 213 1305 271 ¹27

94 317 188 358 XX.
228 316 349 357 Caesar
377 317 472 356 inter
505 313 587 353 haec
621 314 845 354 Antonianis
881 313 1086 362 militibus,
1115 313 1176 364 qui
1209 327 1308 354 non-

29 378 123 418 dum
157 379 307 429 expleta
343 377 527 427 stipendia
556 375 776 423 habebant,
809 376 892 414 suas
919 378 957 414 in
986 375 1153 427 legiones
1188 377 1308 416 distri-

29 440 148 489 butis‚
173 443 439 489 &disjunctis
471 452 538 490 per
560 439 663 478 varia
695 438 809 477 castra
836 439 1075 489 legionibus,
1103 450 1307 479 veteranos

29 504 267 545 Brundisium
295 504 479 555 praemifit.
504 502 732 543 Admonitus
765 511 844 540 erat
868 502 992 541 Sicula
1020 502 1229 551 seditione,
1257 516 1309 542 ne

30 576 176 607 tantam
199 568 275 606 vim
303 566 468 605 militum
495 565 633 604 eodem
659 563 746 602 loco
776 561 943 602 haberet.
972 563 1094 603 Etiam
1123 565 1172 604 ad
1196 564 1312 604 liber-

30 631 200 669 tinorum
231 638 358 668 motus
383 628 532 678 penitus
563 625 774 672 sedandos,
802 634 975 675 quartam
1004 628 1048 665 iis
1073 627 1310 676 penfionem,

31 704 115 741 quae
140 691 267 729 adhuc
291 703 338 728 ex
366 690 550 739 imperata
576 688 736 738 pecunia
760 686 991 735 debebatur,
1017 689 1169 727 remisit.
1202 689 1245 728 Et
1270 688 1312 727 hi

33 753 188 804 quidem
211 754 385 792 datorum
410 752 510 790 haud
531 751 627 790 ultra
650 763 860 799 memores,
882 759 1069 790 retentam
1095 762 1243 801 partem
1269 753 1313 791 in

32 814 142 854 lucro
177 814 313 853 hilares
336 813 626 863 computabant.
666 811 834 851 Militum
864 824 955 850 vero
994 812 1058 862 qui
1089 811 1216 851 adhuc
1243 812 1312 851 sub

32 876 144 926 {ignis
181 876 365 926 agebant,
409 874 603 926 diligentia
650 874 915 920 tribunorum,
955 874 990 912 ἃ
1020 871 1084 923 spe
1123 873 1312 924 AEgyptiae

33 938 170 989 praedae
207 937 476 988 quiescebant:
514 935 654 976 dimiffi
696 935 778 986 post
815 936 1010 974 victoriam
1043 933 1119 973 fine
1156 936 1314 984 praemio

29 1000 376 1040 stomachabantur.
426 1012 509 1049 quae
535 999 746 1049 indignatio
777 1010 865 1037 cum
896 1011 974 1036 non
1007 996 1130 1034 multo
1165 997 1247 1045 post
1275 998 1317 1035 'm

34 1061 261 1103 seditionem
293 1061 488 1112 erupisset,
514 1075 596 1100 non
628 1070 758 1100 tamen
785 1062 1016 1109 imparatum
1046 1057 1228 1098 Caesarem
1249 1071 1316 1097 na-

34 1124 95 1163 &a
121 1124 183 1162 est.
211 1124 310 1163 Nam
336 1122 367 1160 is
394 1121 544 1172 provisu
570 1121 785 1160 futurorum
812 1121 1016 1169 Agrippam
1033 1148 1044 1165 ‚
1075 1131 1141 1167 per
1165 1118 1319 1157 causam

34 1184 196 1225 aliorum
221 1185 486 1235 negotiorum,
512 1184 550 1222 in
574 1183 723 1222 Italiam
756 1181 928 1228 miserat3
954 1182 1118 1227 veritus,
1140 1193 1188 1219 ne
1214 1179 1319 1219 Mae-

37 1260 149 1287 cenas
190 1247 294 1286 urbis
332 1245 531 1295 Italiaeque
574 1243 799 1294 praefectus,
838 1242 1022 1292 quoniam
1058 1242 1240 1282 manebat
1277 1243 1320 1281 in

37 1310 195 1362 equestri
228 1309 314 1348 loco
329 1339 340 1357 ‚
365 1316 687 1348 contemneretur.

106 1370 219 1412 XXI.
261 1370 316 1411 Ex
357 1370 464 1409 omni
497 1367 658 1408 cohorte
691 1367 902 1406 amicorum
938 1366 1017 1405 duo
1054 1365 1095 1403 hi
1131 1365 1323 1415 praecipua

39 1433 141 1485 apud
166 1446 253 1472 eum
276 1434 394 1483 gratia
417 1442 545 1471 erant:
579 1430 637 1469 his
668 1429 807 1469 secreta
834 1432 916 1477 ejus
942 1427 1226 1475 innitebantur3
1251 1426 1324 1465 ho.

40 1506 125 1534 rum
151 1493 240 1532 fidei
268 1502 417 1532 tantum
442 1491 646 1539 credebat,
666 1500 733 1538 ut,
761 1502 848 1529 cum
879 1490 973 1527 duas
1005 1487 1215 1527 indiscretae
1242 1501 1324 1527 ma-

44 1556 254 1608 gnitudinis
282 1568 479 1606 gemmas,
508 1552 695 1603 insculpta
721 1551 901 1603 sphyngis
928 1550 1114 1600 imagine,
1141 1548 1298 1587 haberet
1315 1576 1328 1598 ‚

43 1619 161 1658 altera
182 1619 343 1669 signaret
369 1617 471 1668 ipse,
491 1616 648 1655 alteram
671 1627 786 1666 penes
816 1614 886 1652 hos
917 1612 1166 1662 relinqueret,
1192 1619 1236 1649 ut
1257 1622 1326 1661 per

44 1680 254 1720 absentiam
294 1679 423 1725 suam,
461 1691 543 1729 quae
580 1676 823 1728 postulassent
860 1685 1059 1725 tempora,
1097 1672 1262 1722 epistolae
1290 1672 1330 1711 δε

44 1743 168 1783 edicta
195 1739 277 1791 ejus
310 1741 467 1780 nomine
504 1739 756 1790 proponenda
791 1738 1036 1788 signarentur.
1071 1736 1126 1774 Ad
1159 1734 1230 1773 hos
1260 1742 1327 1774 aut:

43 1806 140 1847 alios
167 1806 193 1844 fi
221 1805 311 1855 quid
342 1804 600 1844 occultiorum
639 1803 832 1842 hterarum
870 1801 1000 1847 daret,
1026 1798 1187 1837 ridenda
1224 1808 1329 1836 nunc

46 1868 173 1919 pueris
189 1866 410 1913 calliditate,
427 1879 495 1917 pro
519 1878 746 1915 unaquaque
770 1863 898 1910 litera,
922 1874 1036 1912 quam
1062 1859 1215 1898 volebat
1232 1859 1330 1909 legi,

7 1922 11 1927 ¹
44 1930 264 1980 sequentem
283 1941 425 1978 ponere
438 1927 593 1967 solebat.
619 1927 732 1977 ipfius
749 1936 877 1964 autem
897 1922 1071 1973 epistolas
1086 1922 1133 1960 ad
1156 1921 1330 1959 senatum

44 1987 204 2039 scriptas
231 1987 453 2039 aperiebant
480 1987 559 2036 illi,
586 1989 621 2026 δι
649 1987 828 2033 mutatis,
854 1998 934 2034 quae
958 1984 1160 2031 volebant,
1187 1983 1327 2020 iterum

47 2052 259 2103 obsignatas
296 2052 519 2091 reddebant.
558 2050 673 2091 Unde
703 2061 791 2088 cum
829 2061 898 2099 pro
934 2046 1148 2085 diversitate
1180 2056 1328 2093 tempo-

47 2129 131 2156 rum
147 2117 243 2167 saepe
263 2117 421 2156 variaret
437 2116 558 2154 oratio
572 2144 584 2163 ,
608 2113 867 2153 communiter
888 2110 1019 2160 jactari
1034 2110 1168 2159 coepit,
1190 2109 1333 2161 Splzym

44 2193 120 2233 gem
148 2179 266 2232 affirre
295 2180 495 2231 aenigmata.

104 2240 238 2280 XXII.
268 2241 402 2290 Neque
428 2238 553 2277 minus
579 2246 645 2277 aut
676 2246 767 2275 nota
793 2248 860 2286 per
879 2233 1055 2279 Italiam,
1084 2240 1150 2271 aut
1179 2238 1334 2281 propter

50 2301 299 2340 collationem
330 2301 599 2350 pecuniarum,
625 2311 739 2349 quam
766 2298 985 2347 frequenter
1011 2292 1243 2344 imperabat,
1261 2302 1337 2329 ter-

51 2364 170 2404 ribilis
209 2372 288 2403 erat
326 2363 548 2404 Maecenatis
577 2375 691 2401 rana:
723 2373 795 2400 nec
836 2370 915 2399 tam
951 2358 1149 2409 quomodo
1188 2355 1331 2404 signata

99 2483 121 2528 §
144 2482 219 2516 XX.
242 2484 383 2515 Sueton.
404 2481 438 2514 in
471 2481 556 2527 Aug.
576 2481 657 2515 Dio.
687 2480 710 2527 5
730 2479 822 2517 ΧΧΙ.
853 2478 963 2516 Tacit.
991 2476 1078 2511 Plin.
1099 2484 1162 2521 37,
1189 2484 1222 2508 1.
1244 2468 1330 2510 Dio·>

56 2527 198 2572 Sueten,
219 2528 255 2561 in
279 2529 368 2573 Aug.
390 2538 420 2562 c.
447 2524 503 2562 88·
