1617 2963
245 192 323 238 IN
361 191 532 272 ως.
583 192 711 239 ΜΒ.
759 192 960 239 cxxxr
1013 194 1156 243 Lrv.
1299 196 1364 260 83·

80 298 166 337 sunt
190 297 335 346 literae,
359 309 590 348 quamquam
619 297 781 346 produci
810 311 872 337 eas
903 298 1048 347 Caesar,
1078 302 1362 353 vanitatemque

84 360 208 399 aemuli
233 359 288 399 sui
313 362 457 402 cunctis
485 358 723 398 innotescere
753 360 867 398 valde
901 370 1066 412 cuperet.
1098 363 1234 403 Multis
1258 367 1363 406 enirn

82 422 306 460 nominibus
337 419 617 459 offendebatur.
656 420 697 458 in
727 419 833 459 suam
864 423 1045 463 invidiam
1081 425 1205 465 attolli
1242 427 1369 474 Caesa-‚

83 485 230 521 rionem
262 482 471 530 sentiebat,
507 480 722 520 Artavasdis
754 494 908 532 quoque
943 486 1051 532 casu,
1090 500 1258 536 quocum
1292 490 1369 529 ad-

83 545 209 585 versus
239 545 446 585 Antonium
468 542 623 583 consilia
655 543 882 593 miscuerat,
908 548 943 585 &
968 549 1126 588 Antonii
1153 552 1362 603 triumpho,

83 606 258 647 dolorem
275 637 285 654 ,
315 609 349 646 ἃ
375 605 696 652 misericordiam,
726 607 761 644 &
788 606 969 645 invidiam
1003 609 1246 659 percipiebat.

141 678 316 719 XLVIII.
345 672 420 717 Sed
451 678 484 716 ἃ
511 675 638 715 literas
664 676 712 715 ad
739 689 825 715 eurn
859 679 1157 720 contumeliosas
1183 682 1370 723 Antonius

85 740 304 791 scripserat,
336 739 522 779 adulteria
549 739 754 788 objiciens,
787 739 929 790 fibique
966 740 1179 791 legitimam
1211 757 1371 786 uxorem

86 803 329 853 Cleopatram
362 801 446 842 effe.
473 802 548 841 Sed
586 814 710 852 neque
743 801 910 852 populus
934 810 1109 852 ereptum
1135 804 1218 843 urbi
1246 805 1373 846 hono-

88 877 168 903 rem
203 863 408 914 triumphi,
435 862 842 911 communicatumque
869 873 958 900 cum
994 861 1279 913 Alexandrinis,
1307 881 1374 917 pa-

87 939 171 966 rum
198 927 443 976 indignanter
465 924 578 964 tulit:
603 926 638 964 8<
668 924 775 974 super
796 931 855 962 tot
880 922 950 962 alia
973 923 1181 963 immodica
1203 930 1375 977 praemia,

87 987 189 1027 hanc
211 990 330 1029 etiam
352 989 468 1038 stupri
496 987 712 1026 mercedem
742 985 953 1035 Cleopatrae
978 987 1069 1026 dari.
1094 988 1187 1028 Haee
1205 1001 1294 1029 cum
1318 992 1373 1030 ita

89 1049 138 1088 ab
166 1048 201 1088 se
223 1052 330 1097 acta,
354 1049 401 1088 ab
427 1049 560 1087 ceteris
588 1058 746 1097 accepta
772 1047 946 1097 ignorare
974 1050 1162 1090 Antonius
1188 1064 1266 1090 non
1290 1053 1376 1104 pose

90 1111 163 1152 set:
194 1112 355 1152 scribere
382 1112 431 1151 ad
457 1111 626 1150 senatum
661 1109 858 1158 sustissuit,
885 1125 1047 1164 paratum
1069 1114 1110 1165 se
1140 1115 1233 1154 abire
1263 1119 1379 1170 magi-

80 1177 195 1230 stratu
212 1205 222 1223 ,
250 1177 443 1229 graviorem
468 1174 774 1225 diuturnioremque
798 1174 992 1226 potestatem
1022 1176 1187 1224 habenti,
1211 1193 1312 1230 quam
1337 1181 1376 1218 in

85 1239 190 1277 libero
209 1238 336 1290 populo
363 1238 425 1290 ff
443 1249 629 1290 oporteret,
648 1236 795 1289 fizblata
809 1265 819 1283 ,
834 1249 906 1288 quae
923 1238 990 1274 haec
1011 1237 1228 1291 exprffſjet,
1243 1242 1376 1292 neeff-

87 1312 168 1340 tate.
193 1301 328 1350 Neque
339 1312 427 1338 vero
443 1298 518 1337 hoc
543 1311 633 1337 cum
651 1298 780 1337 animo
803 1297 868 1337 suo
894 1298 1170 1350 destinaverat,
1192 1301 1254 1340 sed
1276 1304 1381 1343 invi-⁴

89 1362 194 1401 diam
219 1362 354 1402 Caesari
384 1359 597 1412 quaerebat,
623 1373 738 1410 quem
755 1360 1019 1410 existimabat,
1047 1363 1152 1412 quod
1172 1364 1219 1402 ad
1244 1365 1380 1405 urbem

91 1423 199 1471 esset,
220 1424 387 1474 primum
414 1424 462 1463 de
497 1422 714 1462 abdicando
740 1420 1013 1472 compellatum
1030 1453 1040 1471 ,
1070 1433 1136 1463 aut
1168 1424 1379 1475 obsequen-

86 1486 137 1525 do
172 1486 383 1537 potentiam
406 1517 418 1534 ,
463 1493 530 1524 aut
567 1484 777 1523 obnitendo
813 1484 930 1523 studia
970 1485 1112 1524 civium
1157 1487 1378 1530 amissurum

90 1548 177 1588 effe.
215 1550 394 1589 Ceterum
425 1549 506 1587 haec
536 1549 691 1599 quidem
715 1545 868 1585 confilia
893 1559 986 1585 vana
1018 1547 1182 1587 fuerunt.

157 1612 302 1652 XLIX.
336 1615 382 1652 At
408 1613 446 1650 in
474 1612 567 1650 urbe
591 1611 702 1649 ludos
730 1610 864 1649 Veneri
891 1610 1075 1650 Genitrici
1102 1612 1277 1652 fecerunt
1303 1614 1379 1653 sus.

90 1672 183 1712 fec'ti
204 1672 377 1712 consules
397 1673 550 1713 Paullus
573 1672 745 1713 AEmilius
769 1673 959 1723 Lepidus,
987 1674 1028 1713 C.
1056 1674 1284 1725 Memmius,
1310 1678 1378 1727 qui

89 1747 139 1774 ex
170 1735 253 1775 Kal.
284 1735 393 1784 Juliis
420 1737 594 1782 inierant.
628 1734 674 1774 In
699 1735 836 1773 eodem
872 1735 1071 1775 consulatu
1099 1737 1164 1776 suo
1202 1737 1379 1778 AEmilius

88 1797 284 1846 portitzum
314 1795 432 1836 Paulli
460 1795 691 1846 appellatam
720 1795 874 1846 privatis
902 1797 1078 1846 impensis
1100 1798 1275 1848 perfecit,
1308 1800 1380 1840 Eo.

96 1860 187 1898 dem
210 1873 309 1900 anno
339 1858 578 1899 consulatum
611 1861 646 1899 Sc
673 1859 727 1899 M.
754 1859 969 1898 Herennius
990 1859 1097 1909 geffit
1125 1873 1170 1898 ex
1194 1860 1379 1903 Kalendis

96 1922 397 1963 Novembribus.
425 1921 541 1962 Multi
569 1934 637 1972 per
665 1921 704 1960 id
727 1930 898 1971 tempus,
928 1933 1015 1959 cum
1040 1921 1079 1960 in
1105 1921 1273 1972 imperiis
1301 1936 1381 1962 non

95 1983 334 2034 amplissimis
370 1983 548 2032 fuissent,
578 1983 817 2034 triumphurn
843 1996 862 2021 a
890 1982 1056 2029 Caesare,
1080 1982 1141 2022 alii
1177 1985 1225 2023 ab
1255 1988 1380 2024 Anto-

96 2048 166 2086 nio
199 2048 482 2097 impetrarunt:
513 2060 639 2097 eoque
672 2055 855 2097 praetextu
892 2048 970 2085 auri
1003 2047 1199 2100 coronarii
1220 2047 1379 2085 nomine

99 2109 309 2160 provinciis
335 2110 489 2149 fuerunt
513 2123 655 2161 graves.
675 2111 850 2160 Quorum
867 2108 909 2148 C.
929 2108 1132 2148 Norbanus
1148 2107 1188 2146 C.
1206 2106 1245 2147 F.
1264 2108 1308 2147 T.
1327 2107 1375 2148 N„

97 2169 324 2219 proconsule
349 2185 395 2211 ex
426 2171 605 2223 Hispania
628 2171 878 2221 triumphavit
906 2184 937 2211 a.
965 2171 999 2210 d.
1027 2181 1079 2211 IV
1106 2170 1195 2210 Idus
1219 2170 1378 2210 Octobr„

99 2231 149 2269 de
169 2234 276 2279 cujus
306 2234 414 2283 gestis
444 2233 592 2283 prorsus
613 2234 710 2272 nihil
733 2234 891 2284 reperio.
944 2236 990 2272 At
1017 2246 1107 2272 vero
1140 2234 1184 2273 T.
1208 2232 1379 2272 Statilius

101 2293 148 2334 T.
172 2293 211 2332 F.
236 2294 382 2333 Taurus
399 2325 409 2342 ,
433 2295 471 2335 P.
500 2295 623 2335 Sofius
656 2296 696 2335 C.
724 2295 765 2335 F.
791 2296 838 2336 T.
862 2296 910 2336 N.
946 2296 1073 2335 Africa
1098 2298 1131 2334 ὁὶ
1157 2295 1286 2342 Judaea
1318 2306 1381 2342 pa-

99 2356 219 2403 catis,
247 2356 312 2397 ille
339 2370 371 2396 a.
404 2357 441 2397 d.
466 2357 590 2407 pridie
615 2357 699 2398 Kal.
726 2357 748 2408 J
754 2357 802 2397 ul.
831 2357 894 2397 hic
918 2357 973 2398 III
1002 2357 1131 2398 Nonas
1165 2355 1380 2405 septembr.

153 2490 176 2536 s
204 2491 337 2527 van.
363 2491 484 2528 zonat«
505 2492 582 2530 Dio,
608 2492 747 2529 Sueten,
771 2493 793 2539 ς
819 2493 974 2532 XLvnr
999 2492 1145 2536 Appian-
1164 2490 1289 2524 Zonar-
1306 2487 1392 2534 Dio»,

1065 2552 1096 2598 F
1128 2569 1151 2598 2
