1617 2963
240 193 320 239 IN
369 193 535 239 LOC.
581 194 716 239 LIB.
751 193 973 240 CXXXII
1026 193 1159 238 LIV.
1243 205 1328 249 107

58 311 249 337 vacaneum
276 302 322 353 est
350 301 390 338 de
422 315 471 338 me
500 300 631 346 dicere,
663 301 727 350 nisi
760 300 876 351 refirre
905 300 1107 346 arbitrarer,
1137 300 1199 336 lzoc
1222 297 1328 336 etiarn

61 361 106 396 ab
133 361 288 398 omnibus
321 361 493 413 intelligi,
519 361 552 398 6³
580 374 644 398 vos
668 360 730 411 effi>
754 360 940 413 ejusmodi,
961 373 1001 399 ut
1015 362 1164 413 quolibet
1186 360 1332 412 impera-

59 433 128 460 tore
152 424 285 462 vincere
304 422 505 477 poffi'tis,6³
523 438 595 471 me,
620 435 657 461 ut
671 423 880 475 quibuslibet
900 424 1084 463 militibus.
1108 424 1161 462 Et
1176 436 1236 476 ego
1259 434 1331 458 non

57 485 210 536 amplius
240 484 390 538 juventa
429 486 568 523 calidus
580 500 596 534 ,·
625 488 773 524 nondum
795 486 929 537 senefia
958 487 1103 537 fignis,
1139 486 1203 523 hos
1236 484 1333 536 ipsbs

57 561 171 585 annos
200 547 333 596 liabeo,
373 548 498 601 quibus
532 549 565 587 6³
596 548 793 600 corporibus
831 549 946 585 adhuc
979 548 1081 586 robur
1112 549 1260 600 constat,
1294 544 1331 582 δ’

56 608 214 645 mentium
243 609 342 661 longe
372 610 533 647 acerrima
560 609 617 646 vis
642 610 697 661 est.

110 669 317 710 XXXVII.
347 672 407 709 De
439 672 576 724 ingenio
599 673 634 710 ὅ»
657 671 720 723 ufic
735 701 745 719 ,
768 685 975 723 quamquam
1001 671 1038 709 in
1065 671 1147 708 meis
1163 669 1329 707 laudibus

56 731 193 769 debeam
222 731 282 784 effi
313 733 509 784 restriblior,
541 733 580 770 id
619 734 851 771 tantummodo
888 733 1025 781 dicam,
1060 743 1214 769 neutrum
1249 728 1334 766 milii

53 791 220 844 deficrffe,
248 807 314 844 quo
354 795 469 831 minus
494 795 528 833 ὃ·
553 794 657 832 utilia
686 794 887 846 providere,
916 795 951 833 δ’
979 805 1170 847 opportuna
1202 792 1333 836 dicere,

56 854 92 891 δ’
111 854 201 891 dorni
222 853 367 906 bellique
381 853 520 905 facere,
537 869 611 907 quae
639 866 803 908 oporteret
816 887 827 904 ‚
845 855 981 908 poffem.
1016 868 1075 891 nec
1088 852 1197 905 ferme
1219 851 1330 903 parti-

55 914 135 952 cula
161 914 238 953 ulla
270 918 477 968 negotiorum
512 918 689 969 utrobique
722 917 832 970 offerri
853 918 980 970 potest,
1005 930 1106 968 quam
1134 930 1202 952 non
1222 928 1334 965 expe-

54 977 178 1014 riundo
210 978 408 1017 didicerim:
428 980 520 1031 saepe
553 979 699 1017 aliorum
722 981 844 1028 dueta,
862 979 951 1031 scepe
979 978 1065 1016 meis
1093 977 1261 1030 auspiciis
1280 988 1333 1012 res

53 1040 218 1090 gerendo,
239 1041 387 1093 parendi
415 1040 670 1092 imperandique
699 1041 860 1091 cognitas
884 1053 1000 1077 omnes
1031 1039 1186 1076 rationes
1211 1037 1334 1074 liabeo.

55 1100 164 1137 multa
186 1112 305 1148 caute,
318 1102 415 1138 lzaud
428 1115 544 1154 pauca
556 1099 771 1149 audaciffime
783 1099 864 1152 gesti
873 1129 885 1146 ,
898 1112 936 1138 ut
958 1099 1164 1151 temporibus
1191 1100 1266 1135 rec‘le
1280 1095 1334 1133 uti

54 1159 279 1213 affiiescerem.
312 1177 416 1214 neque
442 1162 591 1214 fhrtuna
619 1162 753 1212 defuit,
778 1162 862 1214 quin
886 1163 921 1200 6»
943 1161 1097 1199 vibioriis
1123 1175 1173 1197 me
1199 1159 1333 1206 multis,

56 1224 90 1262 δ’
111 1238 358 1276 nonnunquam
392 1225 620 1276 infortuniis,
647 1225 696 1262 ad
725 1238 842 1262 ornnes
865 1224 1027 1262 bellorum
1051 1220 1154 1274 cafits
1173 1220 1331 1259 erudiret.

115 1292 342 1333 XXXVIII.
382 1294 453 1331 Sed
483 1293 546 1345 ista
580 1307 654 1330 cum
691 1295 788 1345 apud
814 1294 970 1346 conscios
1000 1293 1138 1340 dicam,
1169 1305 1238 1328 non
1275 1302 1331 1326 ero

45 1354 246 1407 prolixior,
267 1355 326 1392 ubi
349 1368 454 1392 unum
469 1355 532 1392 hoc
546 1355 729 1402 addidero,
754 1369 827 1393 curn
847 1355 997 1405 adversae
1005 1366 1125 1406 partes
1142 1366 1278 1390 numero
1297 1350 1332 1387 δ’

49 1417 165 1455 robore
184 1416 331 1454 militum
347 1447 360 1462 ‚
373 1429 669 1469 apparatuumque
686 1413 866 1456 'varietate
881 1417 1119 1469 multipliciter
1130 1416 1330 1461 vincantur,

50 1494 73 1516 a
100 1478 199 1516 nulla
222 1490 334 1517 tamen
360 1493 394 1516 re
421 1479 684 1531 imparatiores,
711 1494 811 1532 quam
835 1481 878 1518 ab
905 1481 1127 1532 imperatore,
1157 1478 1196 1515 in
1225 1487 1332 1514 certa-

49 1557 124 1579 men
150 1542 358 1594 descendere.
384 1544 488 1581 Unde
514 1543 602 1580 enirn
625 1543 656 1581 ei
675 1543 712 1580 in
740 1543 797 1580 lzis
820 1542 928 1581 annis
949 1541 1132 1594 neceffaria
1155 1540 1237 1577 lzm'c
1255 1539 1330 1576 loco

49 1605 297 1657 experientia?
346 1618 442 1657 quem
469 1604 504 1642 6³
535 1620 670 1658 corpore
703 1606 903 1644 invalidum
935 1606 997 1657 effe
1032 1605 1165 1657 seimus
1190 1615 1327 1649 omnes,

51 1682 111 1705 nec
137 1679 201 1704 aut
222 1667 260 1704 in
290 1667 500 1714 continenti,
532 1679 598 1704 aut
626 1667 664 1705 in
687 1668 777 1705 mari
802 1668 913 1706 ullius
932 1668 1046 1722 proelii
1071 1666 1247 1705 vietoriam
1270 1678 1332 1717 per

40 1729 82 1780 se
108 1728 297 1781 obtinuiffe.
328 1730 421 1768 Certe
441 1729 478 1766 iri
502 1729 718 1781 Philippicis
745 1731 896 1782 campis,
920 1731 1000 1768 dum
1024 1743 1084 1782 ego
1114 1728 1241 1773 vinco,
1267 1724 1328 1762 ille

39 1791 174 1843 sufics,
186 1790 362 1843 fugatus,
385 1792 504 1844 castris
527 1792 718 1844 exutusgest
728 1808 744 1840 ‚·
772 1808 833 1831 nec
858 1794 944 1846 quid
965 1793 1089 1843 interfit
1111 1791 1199 1827 inter
1218 1789 1329 1833 duos,

48 1866 112 1891 aut
135 1853 271 1892 brevius
289 1852 434 1905 poffim,
457 1866 519 1893 aut
539 1855 655 1892 verius
673 1869 852 1907 exponere.
873 1856 953 1895 Jam
968 1854 1071 1892 etiam
1098 1851 1244 1891 vieioriae
1264 1863 1333 1888 cer-

46 1916 202 1967 ttffi'mum
225 1917 429 1971 prcesagium
447 1917 538 1969 fitmi
561 1932 606 1955 ex
627 1919 859 1969 apparatibus
870 1918 971 1971 solet.

103 1984 301 2025 XXXIX.
331 1985 414 2024 Illis
437 1985 569 2038 igitur,
588 1986 723 2038 siquid
744 1986 875 2025 roboris
895 1987 959 2038 est,
982 1983 1076 2036 forte
1085 1984 1134 2035 fit
1155 1981 1191 2020 in
1217 1979 1323 2032 legio-

48 2049 172 2096 nibus,
199 2046 233 2085 6’
258 2047 467 2100 pedestribus
501 2048 623 2099 copiis.
658 2060 698 2086 at
722 2063 800 2087 vero
827 2048 1000 2093 navibus,
1031 2058 1069 2084 ut
1090 2045 1156 2096 ipsi
1177 2042 1328 2085 videris,

47 2121 150 2148 tanta
174 2107 363 2159 differentia
390 2110 453 2161 est,
483 2122 522 2148 ut
554 2111 676 2162 nostris
707 2111 843 2163 quidem
868 2110 980 2149 noceri
1009 2108 1146 2147 minime
1167 2105 1282 2158 paffet,
1300 2119 1323 2141 a

46 2183 146 2210 tanto
167 2171 436 2221 infirmioribus,
447 2173 576 2226 fisbla
597 2174 683 2212 mole
689 2176 759 2227 sua
780 2173 1044 2226 defenderentur.
1063 2172 1141 2226 jam
1157 2184 1235 2208 vero
1250 2181 1324 2205 cum

43 2244 166 2270 tantus
192 2232 451 2284 sagittariorum
485 2249 645 2273 numerus
670 2251 687 2274 e
722 2236 872 2275 turribus
907 2236 1046 2274 telorum
1071 2233 1205 2270 imbrem
1242 2228 1325 2265 emi-

48 2307 116 2330 nus
142 2295 307 2345 sparget,
338 2296 454 2346 ecquis
492 2298 633 2348 hostium
659 2298 825 2350 fiiggredi
845 2298 1054 2351 sustinebit?
1086 2297 1207 2345 Neque
1239 2304 1321 2328 vero

47 2354 169 2392 Sicula
195 2354 335 2393 viatoria
359 2369 556 2408 quemquam
588 2369 710 2397 terreat
724 2389 735 2406 ,
755 2373 829 2411 quae
845 2360 880 2397 ὃ·
903 2358 979 2410 ipsa
1004 2372 1074 2396 non
1105 2352 1251 2406 Caesaris
1271 2352 1328 2388 de-

45 2428 108 2452 cus
123 2444 134 2462 ν
153 2416 218 2466 fid
245 2416 412 2468 Agrippae
439 2417 675 2469 ministerium,
698 2418 799 2456 immo
834 2418 946 2469 claffis
970 2432 1047 2456 mece
1064 2415 1210 2467 facinus
1233 2411 1323 2462 fuit„

43 2488 116 2513 cum
144 2478 331 2530 mancipiis
363 2479 396 2517 θ’
420 2479 551 2518 libertis
575 2480 731 2533 Pompeii
755 2481 957 2521 decertatum
984 2480 1052 2532 est:
1077 2477 1111 2514 ἃ
1132 2475 1218 2528 quid
1243 2472 1319 2525 ejus
