1617 2963
225 182 321 246 284
387 183 480 232 JO.
520 175 1012 232 FREINSHEMII
1058 179 1411 228 SUPPLEM.

224 291 327 331 riffet
356 290 621 335 occafionem,
659 288 898 327 redditurum
935 287 1081 338 populo
1115 289 1392 339 rempublicam
1427 301 1512 329 nom*

223 351 495 390 dissimulabat.
531 349 801 400 ferebantque,
825 350 1001 402 proditam
1026 349 1100 402 ejus
1123 351 1296 402 epistolam
1310 353 1355 389 ab
1370 352 1513 403 fratre,

220 427 315 465 quem
342 415 383 450 de
416 415 564 465 cogendo
596 414 645 450 ad
666 412 853 450 libertatem
879 411 1112 464 restituendam
1140 414 1295 465 Augusto
1319 412 1500 466 sollicita-

217 486 286 512 rat.
320 477 531 514 Revocatum
557 475 662 527 igitur
682 490 698 512 e
711 473 894 525 provincia
912 503 923 522 ,
947 487 986 512 at
1005 474 1088 525 quia
1110 476 1287 512 cundatus
1312 486 1385 512 erat
1407 475 1505 512 dece-

216 535 315 582 dere,
336 550 464 576 veneno
488 548 691 589 occupatum
711 542 902 586 putarunt.
926 535 1004 575 Sed
1028 547 1099 584 ego
1124 547 1203 572 rem
1226 542 1392 583 tantam,
1415 547 1510 574 cum

217 607 347 644 neque
374 598 531 635 credere
560 596 668 645 satis,
694 609 818 647 neque
845 597 1016 635 refellere
1043 596 1179 646 pofflm
1195 626 1206 644 ‚
1228 597 1268 634 in
1292 597 1419 635 medio
1444 609 1506 635 re-

218 656 424 707 linquam3
460 667 606 710 cetera,
649 673 731 711 quae
768 660 994 700 certioribus
1031 659 1257 698 testimoniis
1296 660 1507 707 nituntur,

220 719 443 757 traditurus.

291 781 332 820 V.
364 782 423 820 Ad
450 782 594 821 famam
628 782 845 831 aegrotantis
886 781 991 820 Drusi
1033 782 1218 832 Augustus
1253 794 1342 821 cum
1375 782 1508 833 Livia,

217 853 335 891 quam
367 842 535 893 alioqum
562 844 740 882 itinerum
770 843 925 881 suorum
966 844 1148 882 comitem
1174 843 1314 883 habere
1346 844 1508 883 consue-

217 912 346 953 verat,
373 906 555 945 Ticinum
577 913 828 956 procurrerat.
861 904 1009 944 Eodem
1036 905 1136 943 forte
1162 904 1364 953 Tiberius,
1386 919 1433 944 ex
1454 919 1510 943 re.

215 966 323 1003 centi
348 967 504 1005 victoria
528 967 672 1013 redux,
702 965 750 1004 ad
778 965 996 1004 salutandos
1021 973 1195 1015 parentes
1217 965 1378 1005 accessit.
1410 967 1516 1017 Ergo-

214 1028 371 1078 cognita
406 1029 532 1068 fratris
566 1028 808 1074 valetudine,
837 1027 935 1076 jussu
979 1028 1133 1078 Augusti
1164 1029 1200 1067 δι
1237 1027 1302 1067 sua
1340 1029 1514 1078 pietate,

214 1087 292 1126 sive
323 1101 373 1127 ne
396 1090 435 1128 in
461 1088 588 1128 hostili
617 1089 696 1128 solo
725 1090 802 1128 {ine
829 1090 928 1127 duce
954 1088 1144 1127 exercitus
1174 1088 1290 1136 esset,
1323 1089 1508 1139 rapidiffi-

211 1162 281 1189 mo
304 1150 435 1200 cursu,
464 1153 499 1191 ἃ
523 1151 737 1191 incredibili
763 1150 980 1199 celeritate,
1007 1152 1046 1189 ni
1064 1152 1175 1189 certis
1199 1151 1416 1190 auctoribus
1434 1160 1510 1190 tra-

216 1214 395 1261 deretur,
423 1215 631 1256 advolavit.
657 1217 739 1254 Cum
763 1217 851 1254 enim
871 1215 1086 1266 transeundae
1105 1214 1241 1267 Alpes,
1265 1215 1509 1267 transeundum.

209 1274 330 1314 ‘Rheni
357 1277 491 1326 flumen
527 1275 631 1328 fft,
665 1276 721 1314 die
752 1291 794 1314 ac
825 1280 940 1322 noble,
964 1277 1111 1314 mutatis
1138 1276 1287 1328 fizbinde
1306 1275 1510 1329 jumentis,

213 1336 371 1375 ducenta·
402 1337 561 1389 paffitum
595 1338 733 1383 millia,
767 1352 830 1389 per
863 1338 1015 1375 devielas
1053 1339 1152 1376 modo
1184 1336 1285 1389 seras
1320 1338 1509 1387 nationes,

215 1409 293 1451 uno?
313 1410 447 1437 tantum
470 1400 614 1447 comite,
644 1399 823 1451 confectffe
859 1400 988 1438 fertur.

270 1459 332 1498 VI.
364 1460 473 1500 Certe
507 1461 712 1512 spirantem
747 1460 874 1500 adbuc
902 1461 1059 1500 fratrem
1095 1461 1260 1512 reperit:
1290 1460 1416 1510 isque,
1440 1460 1534 1499 ad·'

216 1528 338 1559 ventu
371 1520 474 1560 illius
511 1522 693 1572 cognito,
722 1520 894 1572 legiones
926 1527 1099 1560 'extremo
1128 1523 1205 1571 jam
1242 1522 1402 1571 imperio
1430 1521 1506 1558 ob-

216 1581 319 1620 viam
354 1583 564 1632 procedere
599 1595 687 1622 cum
722 1583 833 1633 signis
866 1585 900 1622 &
923 1583 1056 1633 aquilis
1084 1584 1248 1632 conatis,
1275 1585 1309 1622 δι
1342 1581 1506 1621 salutare

213 1640 484 1692 imperatorem
514 1643 641 1693 jussit,
679 1645 973 1694 praetoriumque
1007 1646 1042 1683 ei
1073 1645 1208 1684 dextra
1247 1653 1352 1694 parte
1383 1643 1508 1688 statui,

213 1702 301 1744 'Nec
321 1705 444 1744 multo
468 1706 551 1756 post
577 1707 780 1746 exstinctus
809 1708 886 1755 est,
914 1708 1012 1746 inter
1043 1707 1215 1757 suprema
1242 1706 1367 1745 fratris
1393 1705 1502 1744 oscu-

213 1764 265 1805 la.
299 1767 467 1817 Corpus,
493 1769 618 1808 invito
641 1781 762 1819 prope
788 1770 982 1815 exercitu,
1008 1768 1071 1818 qui
1096 1768 1255 1806 cremari
1287 1767 1326 1805 in
1356 1768 1471 1804 armis
1487 1795 1500 1814 ,

215 1826 320 1864 inter
343 1841 425 1877 quae
452 1828 665 1877 ceciderat,
686 1828 880 1877 voluisset,
912 1843 934 1869 a
955 1829 1111 1870 Tiberio
1135 1829 1299 1879 primum
1322 1841 1387 1878 per
1411 1841 1500 1866 cen-

215 1888 384 1927 turiones
412 1891 448 1928 Sc
474 1889 647 1928 tribunos
675 1889 844 1929 militum
878 1891 926 1930 ad
956 1891 1114 1929 hiberna
1146 1891 1390 1940 deportatum
1433 1890 1499 1928 est.

214 1948 313 1990 Inde
339 1951 640 2001 municipiorum
673 1951 990 2002 coloniarumque
1022 1953 1209 2002 primores
1244 1960 1502 2001 exceperunt,

213 2010 503 2062 suscipientibus
536 2013 743 2053 scribarum
774 2013 962 2062 decuriis,
995 2017 1029 2054 ἅ
1066 2013 1183 2052 effusa
1217 2027 1284 2064 per
1324 2013 1496 2052 officium

212 2076 481 2125 multitudine,
508 2078 684 2128 rogisque
707 2077 884 2116 accensis.
909 2078 971 2117 Sic
999 2077 1162 2117 Romam
1186 2076 1375 2127 perlatum
1392 2106 1403 2124 ,
1433 2089 1501 2126 pe·-

215 2138 331 2179 dibus
359 2140 611 2178 antecedente
635 2138 817 2184 Tiberio,
843 2151 916 2178 nec
939 2139 1098 2190 usquam
1127 2139 1175 2178 ab
1201 2152 1267 2187 eo,
1294 2139 1502 2189 postquam-

217 2201 399 2242 Ticinum
430 2202 656 2251 advenerat,
691 2202 974 2242 discedentibus
1008 2204 1146 2241 vitrico
1177 2205 1213 2243 δε
1236 2194 1354 2241 matre
1380 2202 1500 2241 Livia.

272 2264 355 2305 VII.
389 2264 552 2304 Lictores
581 2278 759 2316 quoque,
782 2265 892 2305 versis
907 2296 917 2313 ‚
944 2272 986 2305 ut
1010 2266 1050 2304 in
1072 2265 1200 2313 lustu,
1226 2264 1390 2304 fascibus
1408 2293 1418 2310 ‚
1443 2262 1502 2301 se-

221 2326 450 2378 quebantur.
490 2327 592 2368 Tum
617 2328 656 2367 in
687 2328 799 2377 foro,
820 2327 1055 2368 circumfusis
1090 2327 1338 2367 Claudiorum
1373 2324 1505 2372 Liviof

262 2442 285 2484 §
310 2441 368 2474 lV.
396 2442 469 2476 Liv.
489 2443 580 2486 Epir.
601 2443 682 2475 Dio.
705 2443 814 2475 Tacit.
840 2445 981 2477 Sueton.
1010 2443 1044 2475 in
1075 2442 1152 2475 Tib.
1186 2442 1220 2474 ὅ(
1249 2441 1366 2474 Claud.
1397 2439 1416 2482 §
1445 2438 1492 2472 V„

219 2483 300 2521 Dio.
322 2487 431 2523 Tacit.
456 2487 532 2523 Val.
556 2487 651 2522 Max.
686 2498 723 2529 ς,
752 2500 781 2529 5.
806 2489 890 2521 min.
912 2498 955 2530 7,
978 2498 1031 2523 20.
1062 2487 1084 2532 §
1107 2487 1168 2523 vl.
1189 2488 1267 2522 Vax.
1292 2485 1387 2519 Max.
1409 2483 1493 2518 Dio.
