1617 2963
235 129 296 194 138
364 129 458 178 JO.
494 127 1001 176 FREINSHEMII
1037 127 1394 176 SUPPLEM

243 238 433 277 concione
458 236 625 276 militum
665 234 805 286 coepit,
835 234 1086 285 acceptasque
1118 233 1165 273 ab
1197 248 1243 275 eo
1278 236 1430 285 injurias
1459 247 1522 274 exa

245 312 400 350 ponere.
437 298 594 338 Animus
626 297 731 336 enim
761 299 798 337 ei
832 306 1026 344 creverat,
1058 304 1117 335 tot
1142 297 1285 336 circum
1316 298 1353 336 se
1377 296 1522 336 videnti

248 362 350 412 signa
374 360 569 411 legionum
585 389 596 407 ,
623 371 782 408 quarum
811 358 1124 412 multitudinem,
1147 359 1313 409 acceptis
1342 359 1380 396 in
1403 359 1523 398 fidem

246 421 511 471 Pompejanis,
539 420 659 470 usque
689 420 737 460 ad
769 433 972 460 numerum
1000 420 1135 470 viginti
1167 421 1327 459 duarum
1359 421 1524 460 adauxe-

245 493 315 526 rat.
352 484 468 534 Igitur
496 485 531 523 &
555 482 727 524 Siciliam
750 484 911 522 retinere
937 482 1158 535 cogitabat,
1176 483 1256 535 jure
1272 483 1443 535 fae‘lurum
1469 482 1527 521 di.

251 546 408 591 (litans,
435 547 528 597 quod
543 547 578 585 δ’
595 545 736 597 venzffet
758 546 796 583 ἰη
816 560 889 585 eam
908 546 1058 598 insulam
1079 545 1198 597 prior,
1219 546 1254 584 6³
1269 545 1386 598 plures
1402 545 1528 583 civita-

247 618 299 647 tes
321 606 359 643 in
375 606 581 644 deditionem
595 605 813 656 accepisset.
833 604 952 645 Caesar
966 635 976 651 ,
999 618 1086 644 cum
1103 607 1137 645 8<
1153 604 1234 643 haec
1254 604 1415 644 audisset
1428 604 1527 652 fieri,

250 669 287 707 ἃ
315 668 447 706 fauces
481 675 612 707 contra
639 667 676 706 se
706 668 886 718 praesidiis
922 666 1070 706 insessas
1099 667 1271 714 videret,
1304 668 1451 706 amicos
1476 666 1525 705 de

248 728 394 777 injuriis
416 728 588 778 questum
614 728 725 768 misit.
758 727 916 768 Remifit
938 726 1032 766 alios
1051 727 1241 778 Lepidus,
1268 728 1317 766 ad
1341 726 1529 777 discepta-

253 792 399 831 tionem
430 804 656 841 provocans.

307 852 493 894 XXVIII.
526 853 642 891 Venit
669 850 815 898 Caesar,
849 853 885 890 ἃ
912 850 1187 901 exprobrandis
1218 850 1392 899 utrinque
1415 847 1531 887 male-

249 913 347 954 ficiis
385 927 431 952 eo
462 913 702 964 processum,
735 922 778 952 ut
818 913 916 952 ultro
950 914 1121 963 citroque
1157 914 1269 951 rninae
1307 913 1532 960 jacerentur.

252 975 353 1026 Ergo
378 982 562 1026 tanquam
592 976 630 1013 in
657 976 795 1014 vicinia
818 974 1014 1013 hostilium
1044 975 1247 1013 castrorum
1280 973 1451 1013 excubiae
1476 971 1532 1010 di-

253 1038 417 1089 ligenter
448 1040 540 1078 aetae
567 1037 674 1077 sunt:
711 1040 745 1078 &
768 1039 913 1078 eduetae
934 1047 1046 1088 portu
1068 1051 1180 1077 naves
1206 1039 1254 1077 ad
1281 1049 1439 1076 ancoras
1463 1036 1532 1074 ste-

254 1107 411 1146 terunt,
451 1112 499 1137 ne
526 1112 546 1138 a
583 1100 788 1150 Lepidanis
819 1100 1137 1139 incenderentur:
1174 1101 1386 1150 iterumque
1419 1097 1532 1137 civile

255 1161 403 1203 bellum
427 1160 593 1201 Romani
617 1164 809 1201 exercitus
842 1161 1094 1210 horruerunt,
1124 1174 1321 1212 nunquam
1346 1159 1531 1200 concordi

254 1224 356 1266 inter
389 1215 496 1274 pares
526 1225 711 1273 potentia.
750 1224 918 1274 Lepidus
949 1233 1077 1264 tamen
1104 1237 1125 1263 a
1157 1224 1229 1264 suis
1263 1237 1417 1275 quoque
1438 1222 1536 1274 post-

258 1286 477 1338 ponebatur
503 1285 636 1326 Caesari
652 1317 662 1333 ‚
691 1286 887 1336 segnitiem
911 1289 993 1336 ejus
1018 1301 1106 1327 cum
1129 1289 1308 1327 industria
1336 1291 1370 1328 ἃ
1399 1287 1537 1326 virtute

257 1346 510 1388 adolescentis
537 1347 864 1397 comparantibus,
899 1349 988 1389 Hoc
1022 1349 1087 1389 ubi
1106 1351 1317 1390 Oetaviano
1343 1349 1537 1396 innotuit,

255 1408 412 1460 sperans
438 1408 626 1459 promiffis
653 1409 887 1459 praemiisque
914 1410 1024 1458 adse
1052 1412 1216 1461 pertrahi
1247 1413 1381 1463 Lepidi
1406 1411 1538 1461 copias

261 1470 393 1523 posse,
432 1481 500 1519 per
525 1470 687 1508 idoneos
718 1470 895 1509 homines
932 1483 1020 1510 cum
1052 1473 1204 1523 fingulis
1239 1474 1398 1513 tribunis
1421 1481 1537 1524 atque

260 1532 450 1584 praefecftis
485 1532 572 1581 egit.
610 1531 872 1582 cesseruntque
909 1533 1012 1573 haud
1054 1536 1194 1585 pauci,
1232 1536 1435 1586 praesertim
1473 1534 1537 1584 qui
1572 1555 1575 1557 ·

263 1596 492 1645 Pompejum
529 1594 671 1643 secuti,
705 1607 839 1645 parum
873 1595 940 1635 fibi
966 1606 1122 1637 cautum
1153 1611 1247 1648 pace
1271 1612 1359 1637 cum
1392 1598 1540 1647 Lepido

263 1656 367 1696 fad'ta
401 1654 637 1704 credebant,
671 1656 737 1696 nifi
773 1656 976 1696 consensus
1005 1658 1153 1698 Caesaris
1189 1658 1403 1699 acceffiffet.
1439 1657 1541 1707 post-

267 1728 382 1767 quam
408 1714 495 1753 satis
526 1724 654 1765 parata
683 1717 812 1754 omnia
835 1715 911 1754 visa
939 1716 1048 1764 sunt,
1083 1731 1170 1757 cum
1195 1731 1335 1769 magno
1368 1717 1539 1767 equitatu

265 1777 461 1830 profeftus
485 1777 534 1815 ad
560 1777 676 1816 castra
701 1777 862 1827 Lepidi,
888 1777 952 1816 sed
979 1778 1117 1819 relictis
1147 1789 1250 1820 extra
1267 1779 1541 1833 vallumalis,

267 1852 357 1879 cum
384 1839 514 1889 paucis
541 1837 776 1889 suggressus,
802 1841 914 1890 ‚quod
944 1841 1135 1882 videretur
1167 1843 1216 1882 de
1240 1854 1335 1893 pace
1365 1843 1538 1889 aeturus,

267 1900 499 1942 intromissus
521 1900 585 1939 est.
1326 1927 1327 1930 =

326 1961 480 2001 XX1X.
503 1961 579 2000 Sed
601 1961 700 2000 inter
728 1962 986 2004 incedendum
1013 1966 1133 2005 astute
1158 1967 1264 2015 jaetis
1279 1967 1437 2006 vocibus
1455 1996 1466 2014 ‚
1487 1966 1542 2004 in-

269 2023 433 2076 vitumse
452 2025 528 2077 cogi
549 2025 599 2062 ad
618 2024 764 2072 bellum,
788 2026 905 2064 modo
925 2026 1112 2075 singulos,
1135 2027 1252 2066 modo
1269 2027 1463 2065 universos
1488 2035 1542 2065 te-

267 2085 460 2126 stabatur:
490 2087 526 2125 ὃς
545 2087 781 2136 Imperatorem
808 2087 1106 2137 appellantibus,
1126 2097 1319 2138 quotquot
1340 2088 1513 2126 viderant
1527 2116 1539 2136 ‚

243 2147 521 2196 ·Pompejani,
557 2159 651 2197 quos
684 2158 882 2198 corruptos
912 2149 1019 2189 fuisse
1047 2149 1236 2198 diximus,
1269 2157 1541 2197 accurrerunt,

268 2210 420 2251 veniam
438 2217 602 2250 orantes.
623 2208 709 2258 ille,
735 2212 875 2259 mirari,
896 2210 1110 2262 respondit,
1128 2214 1267 2251 veniam
1283 2213 1346 2249 lzos
1368 2212 1413 2248 ab
1430 2211 1469 2261 ft
1483 2225 1546 2261 pe-

269 2285 356 2322 tere,
388 2273 447 2324 qui
470 2273 565 2311 nihil
592 2274 671 2311 dum
695 2275 743 2312 ad
761 2276 1015 2326 promerendum
1041 2291 1116 2313 eam
1139 2275 1309 2328 scciffivzt.
1346 2272 1543 2314 Intellec'la

317 2391 338 2434 ς
357 2390 499 2423 XXVII.
514 2391 593 2424 Dio.
610 2391 754 2434 Appian.
766 2392 889 2435 Vellei.
903 2393 1043 2427 Sueton.
1063 2393 1100 2427 in
1117 2394 1204 2438 Aug.
1221 2405 1251 2427 e.
1269 2393 1317 2428 16,
1339 2391 1360 2437 ξ
1381 2390 1541 2427 XXVHL

271 2435 417 2481 Appian.
438 2435 574 2471 Aristot.
600 2437 697 2482 polit.
731 2448 769 2480 3,
797 2448 846 2471 ιι.
867 2438 948 2473 Dio.
