1617 2963
286 194 344 237 14
429 165 1450 221 JO.FRF„1NSHEMIISUPPLEM.

281 283 468 335 parricida
499 270 668 332 patrem,
694 277 794 327 quasi
821 277 1066 315 ciunoantem
1091 275 1210 322 mori,
1241 274 1468 326 fratresque,
1489 271 1564 326 pri<-

281 358 390 385 mum
425 340 603 382 Antiochi
630 339 706 377 lilia
738 346 969 388 prognatos,
998 336 1101 386 quod
1135 344 1308 374 materno
1337 349 1472 386 genere
1495 349 1566 375 no-

282 406 438 446 biliores
483 411 622 448 erant,
664 399 804 439 deinde
845 408 990 438 ceteros
1031 409 1166 436 omnes
1204 397 1408 437 interfecit.
1452 396 1565 436 suum

282 478 435 517 quoque
467 463 586 501 filium
622 474 712 500 mox
738 461 902 510 adjecit,
935 462 1013 508 jam
1042 457 1246 504 adultum,
1272 469 1320 497 ne
1346 458 1427 508 quis
1452 456 1568 507 supe-

282 536 403 575 raret,
440 527 504 575 qui
539 532 671 564 contra
707 523 744 562 se
776 523 824 562 ab
859 521 1009 562 offensis
1049 521 1299 572 optimatibus
1331 534 1396 560 rex
1434 521 1569 565 nomi-v¹

282 595 447 627 naretur.

351 646 518 687 XXVII.
563 644 666 685 Inter
701 643 783 683 haec
822 643 1007 684 Antonius
1039 642 1164 682 obiter
1191 641 1396 681 constituta
1435 641 1571 692 Syria‚'

283 708 324 747 in
346 710 558 760 AEgyptum
589 719 820 757 properans,
848 706 890 751 C.
915 705 1061 744 Sosium
1086 706 1127 743 in
1151 704 1318 744 ventidii
1347 703 1478 742 locum
1499 704 1568 754 Sy-

282 773 348 812 1iae
381 774 417 811 ἃ
452 769 593 810 Ciliciae
620 768 884 820 praeposltum,
919 767 1058 805 Herodi
1090 767 1258 818 restituere
1283 780 1422 818 regnum
1452 767 1486 805 δ’
1509 766 1570 808 ul-v

283 835 377 887 cisci
395 833 615 885 Antigonum
652 829 781 880 jullit,
806 829 869 879 qui
905 841 972 878 per
1007 827 1217 866 absentiam
1252 827 1440 873 Herodis,
1463 826 1571 874 Jose-

283 896 406 948 phum
422 925 435 943 .,
461 895 614 933 fratrem
636 895 742 942 ejus,
764 904 852 930 cum
876 891 1046 940 quinque
1073 889 1296 929 cohortibus
1314 890 1493 928 Romanis
1515 890 1572 927 in-

285 959 499 998 terfecerat.
543 957 661 1007 Igitur
699 955 855 1002 Sosius,
895 951 1090 1004 praemiffis
1132 952 1279 991 duabus
1324 951 1572 1001 legionibus,

286 1034 377 1060 cum
403 1020 550 1069 reliquo
579 1018 751 1056 exercitu
784 1015 957 1065 subsequi
990 1013 1143 1061 statuit,
1172 1024 1354 1063 quantum
1386 1025 1452 1062 per
1479 1013 1571 1051 anni

287 1093 468 1132 tempus,
490 1082 568 1129 jam
596 1080 699 1118 enim
724 1078 903 1128 vergebat
924 1077 1026 1116 aestas
1042 1107 1052 1124 ‚
1078 1075 1221 1114 liceret.
1253 1075 1329 1115 Sed
1360 1075 1452 1113 dum
1472 1074 1573 1113 subi-

288 1144 421 1196 gendis
448 1142 595 1182 Aradiis
613 1173 624 1190 ‚
647 1141 709 1191 qui
735 1142 814 1190 jam
841 1140 906 1178 diu
931 1137 1089 1189 perpelli
1110 1139 1265 1184 omnia,
1287 1146 1415 1176 tamen
1442 1136 1574 1187 despe-

287 1206 436 1246 ratione
461 1204 602 1256 magis‚
624 1216 737 1254 quam
761 1202 926 1249 viribus,
949 1200 1183 1249 refistebant,
1209 1201 1332 1240 Solius
1361 1200 1574 1249 detinetur3

287 1267 467 1310 Herodes
506 1279 648 1316 magno
685 1264 822 1315 proelio
844 1264 997 1303 ·clucem
1031 1263 1212 1313 Antigoni
1245 1263 1416 1313 Pappum
1451 1263 1572 1311 vicit,

291 1342 414 1380 eoque
449 1329 598 1367 timoris
630 1327 760 1377 adegit
796 1325 944 1373 hostes,
972 1332 1015 1364 ut
1051 1334 1270 1374 recepturus
1303 1333 1418 1374 caput
1452 1325 1576 1374 gentis

292 1389 558 1440 Hierosolyma
598 1388 811 1434 videretur,
852 1386 918 1424 nisi
953 1394 1106 1436 propter
1144 1386 1350 1424 vehemens
1383 1386 1500 1435 frigus
1535 1387 1577 1424 in

291 1454 452 1493 hiberna
496 1452 637 1492 deduci
670 1451 879 1490 exercitum
913 1448 1149 1499 oportuiffet.
1180 1449 1246 1488 Per
1282 1449 1387 1487 idem
1411 1460 1577 1499 tempus

292 1517 479 1555 Antonius
505 1514 672 1554 Athenas
697 1514 828 1560 rediit,
853 1511 1019 1562 auspicio
1043 1512 1110 1550 suo
1126 1542 1136 1559 ,
1163 1525 1277 1562 quam
1302 1512 1443 1560 duou,
1468 1512 1578 1562 gestis

292 1581 407 1618 rebus
432 1579 619 1618 illustrior.
653 1578 762 1618 Unde
784 1576 901 1626 vulgo
930 1576 1240 1622 existimabatur,
1267 1588 1475 1615 commune
1500 1575 1579 1614 hoc:

290 1641 327 1680 ei
360 1653 450 1679 cum
480 1639 621 1679 Caesare
652 1640 773 1678 fatum
804 1638 902 1685 effe,
942 1646 982 1675 ut
1009 1650 1076 1687 per
1104 1636 1274 1687 legatos,
1295 1649 1410 1687 quam
1446 1649 1514 1687 pet
1540 1636 1578 1675 se

295 1702 422 1753 ipsum
439 1733 451 1748 ,
483 1702 574 1740 esset
602 1710 762 1751 uterque
787 1699 946 1738 felicior.

356 1764 540 1804 XXVIII.
572 1764 674 1803 Nam
699 1764 735 1801 ὃς
763 1763 928 1811 Agrippa
957 1758 1135 1809 praeelare
1164 1758 1201 1798 se
1228 1759 1336 1810 geffit
1366 1760 1488 1799 ubivis
1508 1773 1578 1811 pro

299 1825 465 1864 Caesare:
492 1826 527 1864 Sc
557 1837 578 1862 a
603 1824 644 1863 C.
666 1823 769 1863 Sofio
799 1831 914 1872 atque
944 1821 985 1861 L.
1015 1820 1175 1860 Canidio
1213 1821 1324 1860 Gallo
1355 1823 1582 1861 Antonianis

299 1886 460 1925 ducibus
489 1885 609 1924 incliti
640 1897 748 1934 reges
776 1885 868 1922 vic'ti
892 1883 986 1922 sunt.
1025 1882 1112 1929 Jam
1139 1883 1304 1931 primum
1331 1884 1386 1923 M.
1415 1884 1582 1934 Agrippa

299 1947 501 1987 consulatu
528 1947 593 1986 suo
616 1949 651 1987 &
673 1947 824 1986 Canidii
839 1977 851 1993 ,
870 1946 1033 1986 Galliam
1060 1944 1309 1985 rebellantem
1329 1947 1583 1996 compescuit,

255 2030 259 2033 1
297 2009 517 2063 primusque
536 2022 557 2047 a
578 2009 765 2048 dictatore
782 2008 923 2048 Caesare
945 2008 1087 2046 transsit
1104 2008 1284 2047 Rhenum
1299 2040 1309 2057 ‚
1327 2008 1389 2048 sed
1407 2011 1441 2048 Sc
1466 2010 1582 2059 Aqui-

300 2080 412 2110 tanos
452 2072 585 2121 insigni
619 2071 754 2120 proelio
794 2071 895 2110 vicit.
944 2071 1092 2110 Idcirco
1131 2071 1251 2110 Caesar
1285 2080 1510 2118 evocatum,
1544 2072 1581 2110 Sc

299 2133 538 2184 triumphare
576 2133 737 2182 J'uss'um,
777 2133 880 2172 clalli
920 2134 1153 2173 fabricandae
1197 2134 1493 2184 exercendisque
1525 2145 1584 2172 re-

298 2195 468 2245 migibus
488 2195 674 2244 praefecit.
711 2195 787 2234 Sed
812 2195 1000 2245 Agrippa,
1029 2197 1085 2233 vir
1111 2195 1440 2246 prudentissimus,
1464 2196 1586 2235 scien-

299 2256 463 2294 tissimus
488 2256 672 2305 parendi,
703 2257 862 2294 minime
896 2257 1099 2295 convenire
1124 2258 1301 2306 putavit,
1332 2267 1372 2295 ut
1396 2265 1583 2297 moerente

303 2318 446 2357 Cael'are
468 2317 746 2368 triumpharet,
773 2320 881 2367 quus
917 2318 1103 2358 beneficio
1133 2328 1261 2358 tantus
1298 2332 1319 2358 e
1348 2318 1495 2358 tantulo
1528 2318 1582 2357 fa-

353 2434 373 2465 G
399 2434 523 2466 XXVI.
545 2433 663 2467 Justin.
682 2445 743 2475 42,
765 2447 796 2475 4.
819 2435 942 2478 Vellcj.
964 2435 1108 2478 Appiam.
1127 2435 1207 2468 Dio.
1229 2435 1250 2479 §
1274 2433 1414 2467 XXVII.
1435 2434 1581 2478 Appiano

303 2476 446 2525 ‘loseplm
474 2479 513 2514 <le
539 2480 574 2515 B.
598 2478 675 2515 Jud.
698 2491 733 2522 ι,
760 2490 819 2525 13,
843 2480 876 2512 ὃς
895 2482 1000 2524 antiq.
1024 2480 1098 2514 ‚lu-1.
1122 2491 1183 2522 14,
1207 2491 1258 2522 27.
1283 2480 1365 2514 Dio.
