1617 2963
242 208 339 270 '2'64
404 209 497 257 JO.
529 208 1026 256 FREINSHEMII
1066 210 1418 262 SUPPLEM.

245 317 428 357 decemviri
442 317 492 354 ad
492 316 634 369 judicia
649 317 912 356 centumviralia
919 319 1056 367 fierent.
1077 333 1155 357 nam
1169 321 1368 360 duumviros
1381 320 1517 359 viarum

243 389 345 416 extra
372 378 482 414 urbem
506 378 758 420 curandarum,
790 380 823 417 θ’
849 380 1092 430 quattuorviros
1116 381 1153 418 in
1181 383 1405 433 Campaniam
1427 384 1519 421 mitti

236 438 391 493 solitos,
409 438 567 489 abrogari
592 436 797 486 placuerat.
823 439 905 478 Nec
935 450 1063 477 tamen
1088 439 1126 477 hi
1148 440 1334 480 senatores
1353 441 1521 491 fiebant,

242 498 310 538 nisi
329 511 442 547 quem
460 498 577 537 alium
599 499 876 549 magistratum,
893 500 954 549 qui
979 513 1085 539 more
1099 497 1288 549 majorum
1304 502 1342 539 id
1356 503 1413 549 jus
1429 515 1522 541 con-

242 558 359 599 ferret
375 560 535 608 gerenti,
549 559 858 609 adipiscerentur.
882 561 1086 600 Decretum
1107 575 1185 602 erat
1200 575 1392 612 praeterea,
1409 577 1523 614 quan-

245 622 293 658 do
325 621 517 658 tribe-mitiis
548 621 696 658 comitiis
735 624 917 660 candidati
957 623 1119 673 deeffetzt,
1156 627 1207 662 uti
1231 640 1276 663 ex
1311 625 1520 677 quaestoriis‚

244 683 306 736 qu{
325 685 613 734 quadragesimum
633 685 748 722 (etatis
767 700 895 724 annum
924 699 990 724 non
1019 687 1223 737 expleffint,
1244 689 1338 739 sbrte
1360 688 1520 724 duceren-

242 755 311 785 tur.
335 744 520 792 Augustus
542 755 696 789 autem,
717 757 850 794 parum
875 744 956 785 haec
984 747 1151 786 efficacia
1184 748 1349 787 remedia
1379 757 1436 785 tot
1464 748 1521 785 in.

247 808 466 845 commodis
493 818 616 854 ratus,
640 816 764 846 totum
791 807 960 846 senatum
982 808 1193 849 recensuit:
1216 823 1341 859 neque
1368 808 1522 848 veniam.

244 870 422 917 cuiquam
453 868 620 918 quinque
658 870 693 907 Sc
722 868 874 918 triginta
904 870 1009 907 annis
1039 870 1179 910 minori
1211 872 1316 911 dedit
1349 869 1523 921 ponendi

246 931 420 977 ordinis,
448 943 583 982 praeter
617 932 681 983 qui
712 942 850 972 manco
881 943 1064 983 corpore,
1100 944 1166 972 aut
1193 933 1372 975 inferiore
1405 932 1520 973 censu

247 992 375 1032 essent.

298 1070 444 1111 LXIX.
474 1070 521 1111 Et
539 1083 615 1118 quo
649 1071 776 1110 minus
804 1071 918 1121 aliqui
946 1071 1142 1120 fallerent,
1170 1072 1429 1112 valetudinem
1457 1082 1520 1109 ex-

245 1133 420 1173 cusantes
445 1131 609 1181 inspexit
633 1132 733 1182 ipse:
762 1133 811 1171 de
827 1133 1072 1175 facultatibus
1097 1137 1265 1182 nemini,
1286 1135 1351 1173 nis1
1373 1137 1524 1183 jurato,

247 1194 433 1241 credidit,
458 1207 502 1233 ac
534 1207 581 1232 ne
607 1194 761 1233 testibus
789 1197 943 1245 quidem
973 1198 1157 1246 injuratis.
1185 1200 1310 1245 exegit
1338 1208 1519 1247 praeterea

245 1258 333 1298 vitae
374 1259 541 1296 rationes
576 1257 882 1306 paupertatisque
913 1259 1065 1303 causas,
1106 1270 1149 1298 ut
1183 1259 1396 1298 subveniret
1433 1257 1520 1304 his,

247 1319 311 1368 qui
341 1317 444 1356 nulla
469 1316 533 1355 sua
565 1317 679 1367 culpa
708 1317 797 1356 faeti
823 1318 957 1368 inopes
986 1319 1151 1358 fuissent.
1178 1321 1262 1359 Nec
1294 1318 1430 1358 minori
1450 1317 1521 1356 so}-

244 1379 446 1418 licitudine
475 1377 681 1424 domestica
719 1379 1010 1429 moderabatur,
1037 1382 1224 1431 increpito
1258 1384 1374 1420 etiam
1406 1380 1520 1420 Tibe-

244 1442 331 1488 rio,
362 1441 455 1492 quod
488 1441 582 1477 ludis
612 1441 770 1488 votivis,
795 1454 889 1491 quos
917 1443 1070 1491 Augusti
1102 1444 1225 1482 reditu
1262 1441 1434 1482 eonsules
1465 1443 1520 1481 fe-

247 1512 402 1550 cerant,
430 1502 550 1554 cajum
573 1503 682 1554 juxw
705 1505 744 1556 se
770 1505 983 1556 collocaffit:
1010 1505 1153 1556 populo
1186 1519 1343 1556 quoque
1367 1505 1521 1555 castiga-

246 1574 316 1614 to,
348 1566 410 1615 qui
446 1577 564 1614 puero
591 1564 860 1616 assurrexerat,
894 1567 1064 1617 stansque
1093 1567 1298 1617 plauserat,
1325 1567 1521 1607 laudibus-

243 1639 319 1677 que
360 1624 577 1676 prosecutus
614 1638 702 1665 eum
745 1627 879 1667 fuerat.
935 1629 1013 1668 Sub
1040 1628 1120 1667 haec
1155 1629 1309 1668 demum
1349 1638 1520 1679 tempora

241 1689 513 1742 pontificatum
558 1690 773 1730 maximum
808 1703 840 1729 a.
871 1691 907 1729 d.
937 1704 993 1740 pr.
1030 1693 1127 1732 Non.
1161 1693 1321 1732 Martias
1356 1691 1522 1730 assumsit

242 1750 387 1799 Caesar,
419 1763 498 1788 non
527 1750 708 1789 sustinens
737 1751 823 1790 vivo
856 1763 1080 1803 extorquere
1113 1754 1279 1801 Lepido,
1306 1755 1409 1802 quod
1440 1754 1520 1792 Ro-

245 1814 368 1853 manis
398 1812 568 1851 moribus
593 1812 799 1852 sacerdotia
813 1827 863 1853 ne
886 1814 1015 1852 exsilio
1040 1814 1195 1864 quidem
1235 1813 1521 1855 amittebaritura

243 1875 423 1914 Ceterum
461 1873 544 1914 satis
581 1886 667 1912 eum
701 1888 766 1923 per
798 1882 855 1913 tot
891 1889 1011 1915 annos
1044 1875 1267 1914 contemtim
1309 1874 1520 1922 habuerat,

240 1945 379 1987 praeter
418 1934 508 1973 alias
548 1935 677 1974 causas
712 1946 865 1985 propter
900 1934 1149 1975 adolescentis
1184 1936 1316 1983 Lepidi
1343 1936 1519 1983 conjura-

242 1996 390 2035 tionem
415 1995 593 2035 infestior.
623 1998 722 2036 Nam
748 1999 788 2036 in
821 1998 919 2048 agris
957 1999 1096 2037 amiffae
1124 1999 1301 2047 potentiae
1330 1998 1517 2046 pudorem

242 2056 424 2106 obtegere
464 2056 682 2105 cupientem
713 2058 874 2108 migrare
908 2061 947 2096 in
996 2059 1153 2105 urbem,
1174 2060 1303 2097 venire
1335 2059 1375 2096 in
1413 2057 1518 2097 sena-

239 2123 324 2157 tum
355 2126 555 2167 coegerat,
586 2130 662 2167 quo
702 2118 865 2167 plurium
905 2118 1040 2158 derisui
1074 2129 1341 2169 exponeretur.

294 2187 421 2228 LXX,
451 2188 525 2227 Sed
553 2189 588 2226 δε
613 2187 791 2228 ultimum
829 2189 863 2227 ei
889 2188 1019 2228 locum
1054 2190 1224 2228 dicendae
1253 2189 1349 2227 inter
1381 2186 1515 2227 consu·

241 2248 337 2291 lares
363 2248 556 2288 sente-ntiae
590 2250 724 2298 dedit,
749 2263 835 2291 cum
866 2251 961 2290 alios
993 2251 1203 2291 secundum
1230 2259 1404 2300 tempora
1427 2249 1518 2300 gesti

241 2310 498 2359 magistratus,
514 2320 577 2348 aut
598 2310 821 2361 singularem
849 2313 1037 2362 quandam
1063 2313 1335 2362 praestantiam,
1351 2310 1516 2351 colloca-

241 2381 312 2414 ret.
341 2373 424 2413 Nec
462 2371 638 2411 adversus
669 2372 750 2412 haec
780 2375 926 2414 nitendi
954 2376 1011 2413 vis
1041 2385 1120 2414 erat
1147 2374 1224 2414 ulla
1257 2375 1422 2426 Lepido,
1449 2374 1513 2425 qui

276 2505 301 2552 5
325 2505 444 2543 LXIX.
471 2505 553 2540 Dio·
577 2506 719 2542 Sueton.
742 2508 775 2542 in
798 2508 886 2553 Aug.
907 2519 936 2544 c-
958 2508 1010 2553 56.
1032 2507 1116 2545 Plini
1144 2508 1181 2541 18
1201 2536 1207 2549 ,
1233 2519 1266 2545 a,
