1617 2963
224 174 311 228 214
376 170 472 216 JO.
513 166 1016 215 FREINSHEMII
1055 163 1428 222 SU‘PPLEM.

211 276 329 330 fateor
350 278 386 314 in
411 276 583 329 hostilibus
609 275 748 327 castris,
771 274 869 328 cujus
885 291 943 314 nec
968 275 1114 327 infitiari
1137 278 1310 318 veritatem
1324 309 1336 328 ‚
1359 296 1418 319 nec
1431 282 1494 320 elee-

215 354 297 378 vare
321 338 583 391 magnitudinem
607 338 726 388 ausim.
759 337 882 390 Ingens
911 338 949 376 in
980 339 1052 377 illis
1083 342 1232 380 navibus
1264 343 1341 381 auri
1358 346 1495 396 pondus

213 403 258 456 efl
271 432 285 448 ,
317 401 475 439 maximae
507 398 650 437 divitia.
688 400 761 436 Sed
790 399 853 438 illa
884 401 1046 438 neminem
1067 402 1275 451 vulnerant,
1298 404 1353 452 δ’,
1367 408 1405 457 fi
1422 406 1492 443 viri

216 464 313 515 estis,
341 462 447 513 vestra
473 460 569 512 fitnt.
605 461 665 498 At
690 460 841 512 quorfitm
869 475 929 513 ego
962 462 1030 500 lzaec
1053 477 1267 503 commemoro
1281 495 1292 514 ,
1318 478 1390 518 quae
1415 478 1493 503 tan-

213 526 383 563 tummodo
420 524 565 562 excitare
597 537 724 561 avaros
750 525 908 576 poffi'nt?
936 526 1095 563 debentur
1121 528 1250 578 quidem
1276 528 1338 581 isia
1368 530 1492 576 vobi53

214 599 313 639 atque
335 586 422 625 ultro
444 601 526 625 mox
547 588 689 623 aderunt
699 601 716 632 ,-
737 585 802 638 sed
825 587 981 639 digniora
1012 589 1112 626 vohis
1142 589 1250 628 vic‘lor
1267 592 1410 643 prcemia
1432 590 1493 645 effe

212 663 286 687 reor
301 678 315 694 ,
350 651 442 700 quod
481 646 682 701 majestatem
713 648 881 700 principis
925 661 1084 687 terrarum
1118 651 1268 704 populi,
1304 655 1396 705 quod
1428 650 1496 691 ve·

204 714 298 765 stras
322 711 490 765 injurias,
514 712 652 764 vestram
678 710 846 764 gloriam,
864 713 1004 764 vestrum
1036 713 1209 766 imperium
1239 714 1414 767 defendiffe
1433 718 1491 754 dio

214 787 344 812 cemini.

269 833 346 873 LV.
379 835 464 872 Huc
490 834 595 886 igitur
624 834 769 887 adestis,
798 847 961 887 quotquot
994 847 1057 874 aut
1086 850 1203 890 nuper·⁴
1217 854 1341 878 mecum
1374 841 1493 894 Illyri--

213 912 274 937 cas
298 896 580 948 Dalmaticasque
605 896 787 943 nationes,
816 908 879 934 aut
895 897 1004 948 paulo
1031 909 1109 937 ante
1142 899 1299 939 Siciliam
1333 903 1461 954 vicistis
1473 919 1492 951 ,ς

213 959 335 1012 quippe
357 959 535 996 Mutinam
561 958 640 996 huic
662 957 765 996 eidem
792 957 918 996 latroni
947 959 1111 1012 eripuistis
1125 976 1136 998 .·
1166 959 1200 996 δ’
1228 977 1330 1012 quam
1347 978 1412 1016 pro
1431 977 1494 1003 ca*

205 1021 313 1074 stellis
337 1020 483 1072 ohfturis
509 1020 684 1072 capiendis
693 1050 708 1067 ,
726 1035 791 1072 pro
820 1033 891 1057 una
915 1032 978 1058 aut
1003 1022 1080 1059 urhe
1100 1021 1326 1074 defendenda,
1348 1037 1410 1065 aut
1437 1041 1489 1066 re-

211 1085 403 1134 cuperanda
414 1082 598 1135 provincia
612 1111 622 1129 ‚
641 1082 827 1135 reipublicae
835 1079 962 1134 fortem
976 1083 1173 1136 fidelemque
1187 1087 1386 1140 praestitistis
1408 1103 1486 1141 ope-

210 1159 307 1192 ram,
327 1147 462 1183 eandem
478 1159 566 1183 nunc
588 1144 625 1182 in
649 1144 802 1195 universo
822 1144 972 1182 omnium
996 1144 1182 1195 discrimine
1197 1149 1358 1188 adhibete.
1388 1151 1486 1188 Nam

204 1210 245 1261 fi
273 1222 385 1245 verum
407 1206 563 1246 volumus
580 1235 590 1252 ‚
627 1218 666 1244 ut
688 1208 785 1257 apud
808 1219 873 1244 nos
893 1218 957 1256 pro
987 1203 1138 1244 libertate
1161 1208 1282 1260 populi
1317 1210 1487 1259 Romani,

210 1269 247 1307 6³
266 1281 398 1307 tantum
420 1282 488 1308 non
508 1268 647 1305 humani
664 1267 816 1321 generis,
835 1269 887 1318 fic
908 1269 984 1306 inde
1010 1268 1046 1306 in
1071 1269 1204 1307 ruinam
1232 1270 1398 1324 utriusque
1416 1287 1487 1325 pu·-

206 1333 379 1387 gnabitur.
411 1332 493 1370 Cum
514 1346 552 1368 ea
564 1329 699 1381 femina
721 1330 840 1367 bellum
862 1331 928 1382 cst,
956 1342 1026 1382 quae
1051 1329 1086 1368 6·
1110 1332 1333 1384 concupiftere
1354 1335 1488 1372 Roma-

211 1407 292 1435 num
317 1395 510 1448 imperium,
532 1393 567 1431 6³
593 1393 812 1446 cupiditatem
831 1393 985 1446 profiteri
1014 1396 1117 1432 audet
1124 1409 1141 1440 ,-
1169 1407 1243 1432 cum
1262 1411 1299 1434 eo
1330 1397 1488 1444 homine,

209 1460 268 1513 qui
301 1473 369 1498 non
397 1459 509 1496 minus
525 1457 646 1509 stolide
668 1457 826 1509 promisit
849 1458 919 1495 haec
947 1459 1088 1504 omnia,
1124 1473 1225 1510 quam
1251 1459 1313 1497 illa
1343 1463 1490 1513 nequiter

203 1521 446 1574 postulaverat.
480 1520 587 1571 Abfit
614 1534 718 1566 vero,
747 1532 788 1557 ut
822 1521 892 1559 haec
916 1531 986 1558 tam
1012 1521 1088 1559 dira
1112 1521 1263 1574 dietaque
1289 1521 1391 1561 etiam
1420 1525 1488 1563 vix

209 1582 403 1621 tolerabilia
429 1581 502 1619 ulla
527 1581 597 1619 dies
622 1581 764 1628 videat,
792 1593 831 1618 ut
858 1580 895 1618 in
924 1594 996 1619 tam
1019 1581 1160 1635 impuris
1185 1583 1340 1622 manibus
1364 1586 1487 1638 populi

209 1645 363 1684 Romani
381 1646 432 1697 fit
463 1644 667 1696 respublica,
689 1655 728 1681 ut
746 1642 878 1694 scurris
910 1644 1026 1683 horum
1040 1674 1051 1692 ‚
1089 1660 1172 1697 quos
1196 1646 1297 1698 digno
1312 1646 1400 1698 sane
1425 1663 1488 1686 no-

210 1709 298 1764 mine
315 1721 452 1760 copreas
473 1708 536 1759 ipfi
556 1718 703 1754 vocant,
718 1721 781 1744 vos
794 1704 1006 1759 conjugesquea
1029 1709 1139 1761 vestrae
1152 1738 1163 1756 ‚
1178 1707 1273 1746 liberi
1283 1739 1298 1755 ,
1320 1709 1487 1761 [ναινίιηο8

210 1768 272 1807 tiia
294 1769 491 1807 divexanda
519 1769 662 1807 dentur!

264 1834 358 1877 LVI.
386 1838 446 1875 Sic
468 1836 614 1874 animati
637 1850 737 1888 neque
759 1836 1004 1876 multitudinem
1024 1838 1163 1891 hostium
1185 1839 1362 1879 timueritis
1372 1855 1391 1888 ,·
1417 1853 1486 1880 turn

209 1895 254 1935 ba
271 1898 358 1936 enim
375 1899 439 1950 est,
461 1897 496 1935 6²
517 1897 641 1950 vulgus
653 1926 665 1943 ,
681 1899 776 1936 haud
788 1911 913 1950 parum
936 1899 1054 1952 aptius
1065 1899 1216 1951 sarcinis
1229 1931 1241 1950 ‚
1255 1917 1356 1954 quam
1379 1906 1484 1943 armis

203 1959 385 2014 portandis
405 1973 533 2011 genus:
565 1959 664 2010 neque
690 1960 950 2011 magnitudinem
973 1961 1116 1999 navium
1131 1962 1306 2013 pueriliter
1323 1964 1480 2017 fiispexe-

206 2018 282 2058 ritis
296 2034 313 2066 ,-
337 2019 498 2057 inhabilis
523 2019 585 2057 illa
601 2020 703 2057 moles
722 2034 784 2072 per
797 2020 835 2071 fi
858 2022 1016 2059 neminem
1039 2035 1214 2075 oppugnat
1235 2037 1297 2062 aut
1313 2025 1476 2076 fizuciat‚

209 2080 246 2119 fi·
261 2081 348 2122 ultro
357 2096 482 2136 parum
508 2083 552 2135 est
576 2085 625 2120 ad
644 2081 874 2134 impellendum
891 2084 1166 2137 inhibendumque
1181 2115 1193 2134 ‚
1209 2100 1282 2139 eum
1310 2099 1482 2138 oporteat,

207 2143 342 2182 idonea.
381 2145 479 2195 Quid
500 2144 603 2196 igitur
611 2142 748 2195 facient
766 2144 802 2182 in
825 2145 880 2182 his
904 2145 1054 2197 conclufi
1075 2147 1208 2200 tnagis,
1232 2163 1272 2186 ne
1293 2146 1477 2201 effiigiant‚

208 2219 309 2259 quam
340 2206 487 2259 impositi
520 2209 570 2244 ad
587 2209 811 2259 pugnandum
834 2221 908 2246 cum
942 2209 1003 2260 Jpe
1033 2210 1204 2256 villoriae,
1232 2210 1289 2248 uhi·
1318 2207 1479 2263 tanquam

207 2269 340 2320 equestri
372 2268 526 2321 agilitate
553 2270 644 2307 omni
674 2286 696 2307 a
722 2282 819 2322 parte
841 2271 984 2308 triremes
1017 2273 1145 2325 nostras
1177 2273 1404 2326 Libumasque
1426 2272 1480 2325 ast

200 2330 370 2381 saltantes
393 2329 582 2368 videbunt?
612 2332 671 2369 ubi
699 2331 791 2370 velut
812 2333 849 2371 iri
873 2333 1057 2373 immobiles
1084 2334 1120 2373 6»
1139 2334 1258 2374 ictibus
1270 2335 1310 2388 se
1324 2336 1479 2387 prabet&

257 2461 281 2505 5
304 2461 373 2497 LV.
396 2460 519 2507 Venej.
547 2474 565 2496 2
584 2489 594 2506 ,
620 2464 672 2507 85.
695 2464 778 2502 Dio.
