1617 2963
265 219 361 285 236
400 220 496 267 10.
534 215 1043 265 FREINSHEMH
1073 214 1454 266 SUPPLEM.

265 320 445 371 telfigas,
474 321 577 371 quod
612 321 652 361 L.
692 320 886 361 Domitius
922 321 1106 362 Plancum
1146 322 1339 364 censorem
1375 326 1434 365 via
1474 325 1540 365 fibi

267 383 454 422 decedere
478 383 596 422 aedilis
629 385 765 435 coegit.
813 386 916 426 Tum
951 399 1040 436 ergo
1068 385 1230 437 collegia
1261 389 1442 439 Augustus
1469 402 1543 428 an-

263 443 372 492 tiqua
401 445 586 492 correxit,
617 458 715 485 nova
752 445 896 486 sustulit
922 460 931 487 :
962 447 1073 488 ludos
1114 449 1233 489 curari
1265 463 1287 489 a
1320 451 1543 500 praetoribus

261 502 394 552 juffic,
421 503 486 543 sed
508 505 584 554 ita,
605 517 647 546 ut
675 506 783 558 supra
817 520 960 549 certam
998 509 1184 550 summam
1225 524 1302 550 non
1333 511 1465 551 liceret
1494 513 1541 552 iis

262 566 511 617 impendere3
549 578 674 609 cetera
700 583 720 609 e
754 571 907 621 publico
947 573 1077 611 aerario
1104 573 1438 622 depromerentur3
1471 585 1544 611 nec

262 640 405 668 munus
428 628 695 679 gladiatorium
717 631 855 680 injussu
877 631 1045 680 senatus,
1068 643 1134 672 aut
1153 633 1306 684 saepiuS‚
1329 647 1444 683 quam
1458 634 1514 672 bis
1529 665 1544 681 ,

262 688 402 727 eodem
428 703 552 738 anno,
580 700 645 730 aut
669 691 840 741 pluribus
856 725 867 743 ‚
893 706 1007 743 quam
1036 694 1230 744 sexaginta
1255 695 1433 744 paribus,
1456 696 1542 734 ede-

263 759 378 789 retur.
411 751 599 791 AEdilibus
633 754 824 793 curulibus
856 754 903 791 ad
944 754 1105 793 arcenda
1141 754 1316 794 incendia
1348 754 1547 792 sexcentos

264 811 442 851 attribuit
466 813 604 853 servos.
643 815 797 865 Equites
829 815 1022 854 Romanos
1041 817 1075 854 δι
1099 815 1260 855 feminas
1288 815 1446 855 illustres
1468 815 1543 855 sce-

262 873 367 916 nicas
400 887 534 924 operas
561 875 688 914 facere
712 875 846 915 vetuit.

317 934 369 973 X.
399 935 492 975 Haec
518 948 605 975 cum
631 936 825 986 usurparet
851 934 1006 975 summae
1038 935 1234 987 potestatis
1262 937 1390 976 munia
1406 967 1418 985 ‚
1442 946 1542 975 cetea

260 995 312 1034 ris
337 996 432 1034 adeo
461 996 616 1036 civilem
648 996 684 1035 se
713 997 910 1046 exhibuit,
941 1006 982 1035 ut
1016 999 1051 1037 &
1082 998 1217 1038 amicis
1250 997 1392 1036 adeffet
1417 998 1455 1036 in
1482 1001 1544 1046 ju=

263 1056 408 1097 dicium
432 1060 598 1107 vocatis,
624 1062 660 1099 Sc
683 1060 984 1099 adversariorum
1007 1059 1184 1099 convicia
1213 1061 1403 1112 patienter
1437 1061 1543 1099 exci-

262 1129 382 1171 peret.
411 1120 523 1159 Forte
555 1121 608 1160 M.
636 1122 803 1169 Primus,
837 1123 888 1161 ob
927 1121 1076 1161 illatum
1109 1124 1149 1161 in
1185 1122 1425 1161 Macedoniae
1452 1135 1539 1173 pro*

262 1180 462 1220 consulatu
502 1181 672 1233 Odrysiis
709 1183 876 1232 bellum,
918 1183 1070 1224 causam
1105 1184 1260 1232 dicenS,
1296 1185 1415 1223 modo
1448 1198 1548 1222 man»

261 1244 383 1281 datum
408 1243 449 1280 id
468 1245 539 1294 fibi
566 1246 611 1283 ab
635 1246 817 1298 Augusto,
845 1247 966 1285 modo
1002 1262 1026 1284 a
1058 1248 1252 1294 Marcello,
1279 1247 1457 1296 jactabat.
1490 1247 1546 1288 Ea

262 1316 304 1343 re
329 1305 547 1352 intellefflr,
578 1306 714 1356 sponte
743 1308 793 1345 ad
820 1308 1016 1355 judicium
1048 1308 1233 1357 Augustus
1265 1310 1396 1357 venit,
1422 1310 1547 1347 inter-

265 1368 492 1418 rogantique
533 1369 684 1417 praetori
724 1369 880 1418 negavit
907 1368 944 1407 se
974 1368 1180 1408 mandasse.
1212 1369 1314 1409 Tum
1349 1370 1390 1410 L.
1428 1371 1548 1410 Varro

263 1424 427 1467 Murena
459 1429 635 1479 gravibus
672 1429 891 1469 maledictis
933 1431 1084 1469 adortus
1123 1428 1332 1478 Caesarem,
1368 1443 1458 1471 cum
1491 1432 1540 1472 ad

263 1500 479 1529 extremum
514 1492 693 1540 adderet,
720 1505 757 1530 ιιι
793 1508 872 1531 vero
889 1524 903 1540 ‚
931 1493 1030 1547 cujus
1051 1507 1180 1532 vocatu
1210 1495 1328 1533 ades?
1358 1496 1544 1547 Reipubli-

265 1565 335 1599 cae,
364 1552 570 1603 respondit.
609 1555 812 1604 Hoeejus
843 1555 988 1595 factum
1025 1557 1245 1606 dierumque
1281 1556 1548 1597 collaudatum:

267 1611 414 1662 Patres,
436 1615 545 1665 eique
572 1616 822 1655 decreverunt
847 1618 931 1666 jus,
959 1618 1107 1667 quoties
1130 1617 1266 1665 vellet,
1292 1618 1461 1658 senatum
1485 1631 1547 1657 co.

270 1676 402 1724 gelidi.
443 1688 516 1714 nec
552 1677 709 1716 defuere
740 1685 894 1726 tamen,
935 1681 1007 1729 qui*
1038 1692 1116 1717 non
1161 1681 1278 1718 modo
1312 1668 1550 1720 absolverent

267 1734 435 1776 Primum
459 1735 533 1775 suis
564 1736 781 1787 sententii83
809 1738 874 1778 sed
894 1740 1011 1778 etiam
1030 1768 1041 1787 ,
1069 1738 1133 1790 qui
1154 1739 1361 1790 perniciem
1384 1740 1547 1797 Augusto

267 1797 590 1839 machinarentur.

337 1861 409 1901 XI.
451 1861 616 1901 Fannius
658 1862 788 1913 Caepio
817 1863 1108 1914 conspirationis
1145 1866 1276 1903 auctor
1308 1864 1546 1911 habel-iatum

272 1923 369 1962 inter
402 1922 523 1962 socios
551 1926 586 1963 &
616 1924 778 1963 Murena
801 1927 1020 1964 nominatus
1051 1925 1124 1965 est:
1151 1925 1319 1975 fecitque
1343 1926 1460 1964 fidem
1480 1927 1551 1964 cri.

271 1984 476 2023 minationi
508 1984 548 2023 in
582 1984 766 2034 homine,
789 1994 914 2025 cetera
945 2000 1026 2027 non
1050 1987 1226 2037 improbo
1243 2017 1254 2034 ,
1280 1987 1395 2026 nimia
1423 1987 1553 2025 dicen.

272 2044 312 2083 di
338 2043 515 2090 libertas,
540 2057 655 2094 quam
682 2045 719 2083 in
740 2059 874 2084 omnes
899 2046 1113 2096 promiscue
1149 2047 1224 2087 fine
1252 2048 1370 2085 modo
1398 2046 1554 2096 stringe-

271 2104 352 2145 bat.
397 2105 516 2155 Igitur
543 2117 564 2143 a
595 2105 775 2155 Tiberio,
807 2106 957 2149 Caesaris
994 2108 1166 2158 privigno
1190 2138 1201 2155 ‚
1228 2106 1311 2157 lege
1346 2107 1548 2156 majestatis

271 2167 377 2216 apud
398 2167 547 2215 judices
577 2167 754 2217 postulati
777 2168 978 2219 fugerunt3
1004 2169 1102 2209 nihil
1134 2178 1199 2209 aut
1222 2169 1356 2218 causa,
1378 2179 1442 2208 aut
1457 2182 1549 2220 pro-

272 2231 509 2280 pinquorum
533 2230 703 2278 potentia
728 2230 868 2270 confiii.
895 2231 996 2271 Nam
1023 2230 1264 2280 Proculeius,
1287 2230 1458 2271 Murenae
1477 2231 1549 2270 fra-

274 2298 354 2338 ter,
385 2292 421 2330 &
448 2298 607 2340 paterno
640 2291 679 2329 in
707 2305 795 2330 eum
834 2293 993 2341 animo,
1020 2302 1101 2334 tam
1134 2306 1240 2333 carus
1271 2302 1352 2332 erat
1388 2291 1546 2339 Caesari,

277 2363 322 2394 ut
347 2355 394 2393 de
419 2354 645 2394 collocanda
671 2357 706 2393 ei
730 2355 830 2404 Julia
863 2357 1113 2406 deliberaret3
1145 2359 1180 2398 &
1210 2358 1401 2398 Maecenas
1426 2355 1552 2394 affinis

276 2417 318 2456 in
348 2416 627 2467 flagrantiffima
660 2417 811 2458 Caesaris
841 2421 986 2471 gratia,
1018 2422 1128 2475 cujus
1157 2419 1221 2461 ille
1255 2422 1290 2461 &
1318 2420 1552 2469 conjugem»

321 2531 346 2577 S
377 2531 437 2568 lx.
468 2532 549 2568 Dio.
567 2532 691 2577 Vellej.
712 2543 732 2565 2
744 2559 755 2577 ,
773 2543 831 2577 95.
