1617 2963
178 173 258 219 IN
294 171 475 218 LOC.
530 171 675 216 LIB.
711 170 959 216 CXXXVI
999 170 1146 215 LIV.
1218 185 1304 227 251

36 279 229 320 {ibertinas
257 279 422 331 permisit
449 278 559 325 duci,
584 286 831 327 praeterquam
852 276 1096 317 senatoribus.
1123 276 1217 315 Haec
1241 286 1311 312 ne-

34 342 136 391 gotia
170 344 263 381 dum
292 345 517 387 tractantur,
557 340 750 382 senatores
785 341 943 390 quidam
973 341 1020 379 de
1048 348 1311 378 matronarum

34 414 147 453 atque
174 407 353 453 juvenum
384 402 627 453 reprimenda
653 402 892 443 immodestia
922 402 1104 442 Caesarem
1128 397 1314 449 interpel-

32 462 189 514 larunt,
223 466 375 516 quando
403 476 558 515 propter
590 464 690 502 hanc
713 465 828 503 etiam
858 467 1037 514 pauciora
1070 461 1313 503 matrimonia

35 527 358 568 contraherentur.
377 527 476 578 Ipse,
493 526 682 578 suggillari
703 529 974 577 putans,quod
989 525 1195 565 multorum
1218 536 1319 562 uxo<

33 601 93 627 res
119 602 404 641 corrumperet,
433 589 533 629 hanc
561 590 718 639 quidem
749 589 1044 628 sollicitudinem
1071 587 1313 633 declinabam

33 654 128 702 quod
141 653 223 703 fieri
241 653 424 706 potuiffet,
443 652 618 704 provisum
640 652 839 700 inquiens,
860 666 930 690 non
953 665 1064 690 autem
1084 651 1175 703 poffe
1193 649 1313 688 omnia

29 717 113 766 pari
136 718 353 754 accuratione
372 715 542 766 constitui.
575 714 796 763 urgentibus
824 714 914 752 dein
930 743 942 760 ,
980 727 1058 750 uam
1084 712 1201 764 cuique
1230 724 1313 747 con-

26 775 147 828 jugem
168 777 354 830 domesticis
371 777 550 828 praeceptis
559 775 787 827 formandam
810 775 892 827 effe,
908 772 1127 823 respondit:
1152 773 1314 823 quemad-2

35 840 171 875 modum
195 839 264 889 :pse
284 850 428 876 moneret
451 838 592 876 Liviam
611 838 726 889 suam.
757 837 827 877 His
846 835 1009 874 excitata
1031 833 1182 884 potius,
1196 844 1312 881 quam

33 899 219 948 repressa,
246 900 488 950 quorundam
515 899 760 948 improbitas,
785 910 891 937 orare
913 909 992 936 non
1016 895 1171 941 destitit,
1196 892 1314 943 prius.

32 975 146 1012 quam
170 963 208 1000 in
232 963 332 1001 hanc
355 975 433 1001 rem
446 962 565 1002 Caesar
585 962 760 1012 quaedam
777 961 988 1006 dissereret,
1010 959 1058 997 de
1081 956 1188 996 cultu
1213 969 1311 994 uxo-

30 1025 80 1062 ris
107 1023 205 1072 suae,
229 1024 505 1075 egressibusque
538 1026 618 1073 eJus
654 1025 689 1064 ὁὶ
718 1025 928 1071 comitatu,
956 1020 1095 1072 quibus
1125 1017 1190 1057 illa
1220 1030 1309 1067 pro-

16 1084 133 1124 ,fecto
160 1088 272 1125 rebus
302 1086 538 1125 laudabatur⁹

83 1147 205 1187 XLll.
244 1147 379 1197 Estque
404 1159 519 1195 nota,
549 1146 613 1186 sed
650 1145 911 1186 memorabilis
942 1144 1096 1192 fabula,
1128 1154 1216 1182 cum
1243 1141 1310 1180 ali-

31 1210 186 1259 quando
210 1211 249 1247 in
269 1209 483 1258 spectaculo
510 1209 763 1260 gladiatorum
790 1210 892 1249 Livia
913 1207 1088 1258 gravibus
1112 1205 1222 1252 viris,
1241 1204 1310 1252 Ju-

30 1268 83 1308 lia
108 1269 307 1309 luxoriosae
333 1272 541 1319 juventutis
562 1284 674 1321 grege
703 1271 835 1310 cinclae
855 1268 1111 1310 consediffent
1127 1298 1138 1313 ,
1165 1266 1307 1316 scripto

28 1330 130 1370 hanc
146 1332 381 1370 admonitam
406 1345 426 1370 a
453 1342 576 1382 patre,
611 1333 770 1380 Videret,
789 1344 954 1383 quantum
976 1332 1064 1369 inter
1091 1331 1181 1368 duas
1212 1327 1311 1380 prin-

29 1395 122 1446 cipes
155 1394 313 1447 seminas
353 1395 527 1447 interfft.
577 1395 675 1434 Cum
712 1404 841 1433 autem
870 1393 1081 1433 censoriam
1113 1388 1310 1430 exercenti

27 1457 254 1507 potestatem
288 1457 439 1496 oblatus
479 1456 571 1496 effet
600 1455 850 1500 adolescens,
882 1455 947 1504 qui
980 1453 1083 1504 prius
1117 1450 1306 1491 adulterio

29 1519 224 1568 cognitam
251 1519 436 1567 duxerat3
475 1519 539 1557 diu
563 1518 744 1563 aestuanS,
773 1529 860 1555 curn
890 1528 961 1554 nec
992 1513 1181 1565 negligere
1207 1512 1305 1550 faci-

27 1592 124 1627 nus,
153 1591 224 1618 nec
251 1580 384 1630 punire
404 1580 584 1627 auderet,
614 1579 769 1618 tandem
789 1576 896 1616 iniit:
934 1577 1039 1615 Talia
1066 1575 1175 1613 multa
1200 1574 1304 1611 nobis

26 1642 158 1682 atrocia
179 1644 219 1682 62*
237 1643 401 1695 pudenda
434 1642 555 1681 civiles
582 1641 797 1693 diffenfiones
826 1639 1018 1678 attulerunt
1050 1639 1224 1676 oblivione
1246 1637 1306 1687 fi’-

24 1705 207 1758 pelienda:
237 1705 298 1755 [ὲᾶ
322 1704 359 1741 in
387 1704 552 1755 posterum
576 1703 851 1755 prospiciamus,
879 1715 919 1738 ne
948 1701 1018 1738 tale
1045 1701 1130 1751 qufcl
1152 1699 1303 1737 eveniat.

29 1768 79 1807 At
106 1778 194 1806 cum
216 1765 372 1816 quidam
403 1766 565 1804 infantes
604 1764 730 1804 adhuc
753 1762 898 1813 pue-llas
928 1761 1236 1813 desponderent,
1266 1762 1304 1800 δε

31 1829 184 1880 praemia
210 1827 334 1868 nihilo
357 1828 482 1867 minus
508 1829 733 1866 maritorum
758 1826 919 1872 ferrent,
942 1837 1020 1863 rem
1039 1823 1209 1874 opusque
1226 1835 1306 1861 noa

26 1891 261 1942 praestarent,
292 1891 458 1930 minores
485 1890 720 1929 decennibus
741 1888 885 1939 puellas
909 1886 1136 1937 desponderi
1159 1885 1299 1924 vetuit:

27 1967 103 2005 quo
128 1954 223 1992 intra
247 1953 444 1992 biennium
472 1952 582 2006 (quae
613 1951 782 2001 legitima
803 1950 972 1990 nubendi
1001 1949 1061 1989 his
1094 1948 1209 2002 aetas)
1234 1947 1302 1987 du-

27 2025 215 2055 cerentur.
247 2015 340 2056 Haec
358 2015 487 2055 omnia
510 2014 595 2065 lege
614 2013 635 2062 J
641 2013 715 2054 ulia
735 2013 954 2052 maritandis
975 2012 1172 2052 ordinibus
1194 2022 1300 2050 corne

26 2075 224 2127 prehensa.

82 2137 223 2178 XLIII.
248 2138 423 2178 Proxima
458 2137 638 2176 frumenti
662 2137 810 2188 populo
843 2136 1045 2175 dividundi
1082 2147 1172 2175 cura
1202 2134 1299 2180 fuit,

26 2199 345 2248 institutumque,
380 2207 423 2237 ut
453 2199 691 2248 magistratus
726 2199 972 2237 nominarent
1003 2196 1194 2247 singulos,
1234 2196 1297 2244 qui

27 2270 116 2300 ante
141 2261 346 2300 triennium
373 2260 574 2299 minimum
603 2269 762 2309 praetura
786 2259 909 2299 functi
939 2259 1087 2307 effent3
1122 2261 1157 2298 ἅ
1181 2269 1227 2295 ex
1250 2268 1297 2294 eo

25 2333 186 2361 numero
210 2320 306 2360 sorte
333 2320 587 2371 deligerentur
611 2330 795 2371 quatuor,
831 2333 896 2371 per
930 2333 1024 2371 quos
1060 2321 1296 2358 frumentum

5 2431 9 2435 ’
71 2439 93 2481 5
114 2439 203 2474 XLI.
226 2439 334 2472 Tacit.
357 2440 497 2472 Sueton.
518 2440 552 2472 in
575 2439 660 2483 Aug.
680 2450 711 2472 c.
729 2449 781 2480 34.
806 2439 888 2475 Dio.
911 2438 1001 2483 Lips.
1027 2438 1059 2470 in
1082 2436 1190 2470 Tacit.
1214 2437 1237 2469 1.
1264 2445 1297 2480 3

31 2482 55 2528 5
84 2484 188 2518 XLII.
211 2483 291 2518 Dio.
314 2484 405 2528 Lips.
431 2485 572 2520 Sueten
595 2497 629 2521 ιη
651 2485 736 2530 Aug
754 2496 783 2516 c.
802 2486 856 2528 69.
