<?xml version="1.0" encoding="UTF-8"?>
<!DOCTYPE html PUBLIC "-//W3C//DTD XHTML 1.0 Transitional//EN"
    "http://www.w3.org/TR/xhtml1/DTD/xhtml1-transitional.dtd">
<html xmlns="http://www.w3.org/1999/xhtml" xml:lang="en" lang="en">
 <head>
  <title>
</title>
<meta http-equiv="Content-Type" content="text/html;charset=utf-8" />
  <meta name='ocr-system' content='tesseract 3.04.00' />
  <meta name='ocr-capabilities' content='ocr_page ocr_carea ocr_par ocr_line ocrx_word'/>
</head>
<body>
  <div class='ocr_page' id='page_1' title='image "./historiarumlibri12livyuoft_0024.png"; bbox 0 0 1617 2963; ppageno 0'>
   <div class='ocr_carea' id='block_1_1' title="bbox 303 165 1493 222">
    <p class='ocr_par' dir='ltr' id='par_1_1' title="bbox 303 165 1493 222">
     <span class='ocr_line' id='line_1_1' title="bbox 303 165 1493 222; baseline 0.001 -6"><span class='ocrx_word' id='word_1_1' title='bbox 303 169 361 216; x_wconf 80' lang='lat'>16</span> <span class='ocrx_word' id='word_1_2' title='bbox 434 168 530 222; x_wconf 75' lang='lat' dir='ltr'>JO.</span> <span class='ocrx_word' id='word_1_3' title='bbox 572 165 1078 212; x_wconf 74' lang='lat' dir='ltr'><strong>FREINSHEMH</strong></span> <span class='ocrx_word' id='word_1_4' title='bbox 1117 165 1493 217; x_wconf 83' lang='lat' dir='ltr'><strong>SUPPLEM.</strong></span> 
     </span>
    </p>
   </div>
   <div class='ocr_carea' id='block_1_2' title="bbox 288 271 1589 2307">
    <p class='ocr_par' dir='ltr' id='par_1_2' title="bbox 292 271 1589 749">
     <span class='ocr_line' id='line_1_2' title="bbox 300 271 1587 327; baseline 0.002 -14"><span class='ocrx_word' id='word_1_5' title='bbox 300 273 399 313; x_wconf 89' lang='lat' dir='ltr'>illud</span> <span class='ocrx_word' id='word_1_6' title='bbox 424 274 524 321; x_wconf 78' lang='lat' dir='ltr'>fuit,</span> <span class='ocrx_word' id='word_1_7' title='bbox 552 273 626 312; x_wconf 86' lang='lat' dir='ltr'>five</span> <span class='ocrx_word' id='word_1_8' title='bbox 657 271 772 321; x_wconf 73' lang='lat' dir='ltr'>ipsius</span> <span class='ocrx_word' id='word_1_9' title='bbox 800 271 964 319; x_wconf 87' lang='lat' dir='ltr'>Averni,</span> <span class='ocrx_word' id='word_1_10' title='bbox 992 271 1138 312; x_wconf 78' lang='lat' dir='ltr'>sudasse</span> <span class='ocrx_word' id='word_1_11' title='bbox 1161 287 1170 314; x_wconf 74' lang='grc' dir='ltr'><strong><em>ε</em></strong></span> <span class='ocrx_word' id='word_1_12' title='bbox 1201 287 1327 325; x_wconf 90' lang='lat' dir='ltr'>neque</span> <span class='ocrx_word' id='word_1_13' title='bbox 1358 275 1587 327; x_wconf 78' lang='lat' dir='ltr'>negligenda</span> 
     </span>
     <span class='ocr_line' id='line_1_3' title="bbox 297 333 1589 388; baseline 0.002 -13"><span class='ocrx_word' id='word_1_14' title='bbox 297 349 357 375; x_wconf 85' lang='lat' dir='ltr'>res</span> <span class='ocrx_word' id='word_1_15' title='bbox 381 333 478 383; x_wconf 84' lang='lat' dir='ltr'>visa,</span> <span class='ocrx_word' id='word_1_16' title='bbox 508 333 809 386; x_wconf 76' lang='lat' dir='ltr'>pontificesque,</span> <span class='ocrx_word' id='word_1_17' title='bbox 831 333 923 372; x_wconf 85' lang='lat' dir='ltr'>licet</span> <span class='ocrx_word' id='word_1_18' title='bbox 947 343 1082 373; x_wconf 85' lang='lat' dir='ltr'>natura</span> <span class='ocrx_word' id='word_1_19' title='bbox 1111 334 1188 374; x_wconf 89' lang='lat' dir='ltr'>loci</span> <span class='ocrx_word' id='word_1_20' title='bbox 1205 366 1216 383; x_wconf 81' lang='lat'>‚</span> <span class='ocrx_word' id='word_1_21' title='bbox 1241 336 1374 376; x_wconf 84' lang='lat' dir='ltr'>calidis</span> <span class='ocrx_word' id='word_1_22' title='bbox 1400 338 1505 388; x_wconf 86' lang='lat' dir='ltr'>aquis</span> <span class='ocrx_word' id='word_1_23' title='bbox 1529 350 1589 377; x_wconf 89' lang='lat' dir='ltr'>re-</span> 
     </span>
     <span class='ocr_line' id='line_1_4' title="bbox 297 394 1588 454; baseline 0.002 -17"><span class='ocrx_word' id='word_1_24' title='bbox 297 397 406 446; x_wconf 72' lang='lat' dir='ltr'>ferti,</span> <span class='ocrx_word' id='word_1_25' title='bbox 429 394 604 435; x_wconf 75' lang='lat' dir='ltr'>miraculi</span> <span class='ocrx_word' id='word_1_26' title='bbox 625 395 741 433; x_wconf 86' lang='lat' dir='ltr'>fidem</span> <span class='ocrx_word' id='word_1_27' title='bbox 764 395 950 444; x_wconf 87' lang='lat' dir='ltr'>elevaret,</span> <span class='ocrx_word' id='word_1_28' title='bbox 979 396 1074 436; x_wconf 85' lang='lat' dir='ltr'>locis</span> <span class='ocrx_word' id='word_1_29' title='bbox 1094 397 1229 437; x_wconf 88' lang='lat' dir='ltr'>iisdem</span> <span class='ocrx_word' id='word_1_30' title='bbox 1257 399 1465 449; x_wconf 82' lang='lat' dir='ltr'>piacularia</span> <span class='ocrx_word' id='word_1_31' title='bbox 1484 400 1588 454; x_wconf 80' lang='lat' dir='ltr'>sacra</span> 
     </span>
     <span class='ocr_line' id='line_1_5' title="bbox 296 454 1586 511; baseline 0.003 -11"><span class='ocrx_word' id='word_1_32' title='bbox 296 463 491 500; x_wconf 83' lang='lat' dir='ltr'>fecerunt:</span> <span class='ocrx_word' id='word_1_33' title='bbox 527 458 695 497; x_wconf 74' lang='lat' dir='ltr'>maxime</span> <span class='ocrx_word' id='word_1_34' title='bbox 723 459 810 508; x_wconf 90' lang='lat' dir='ltr'>quia</span> <span class='ocrx_word' id='word_1_35' title='bbox 834 458 903 497; x_wconf 87' lang='lat' dir='ltr'>sub</span> <span class='ocrx_word' id='word_1_36' title='bbox 933 460 1038 499; x_wconf 87' lang='lat' dir='ltr'>idem</span> <span class='ocrx_word' id='word_1_37' title='bbox 1071 472 1222 511; x_wconf 86' lang='lat' dir='ltr'>tempus</span> <span class='ocrx_word' id='word_1_38' title='bbox 1259 473 1364 502; x_wconf 79' lang='lat' dir='ltr'>tanta</span> <span class='ocrx_word' id='word_1_39' title='bbox 1399 454 1454 503; x_wconf 81' lang='lat' dir='ltr'>ibi</span> <span class='ocrx_word' id='word_1_40' title='bbox 1485 462 1586 504; x_wconf 66' lang='lat' dir='ltr'>fasta</span> 
     </span>
     <span class='ocr_line' id='line_1_6' title="bbox 293 511 1587 576; baseline 0.002 -13"><span class='ocrx_word' id='word_1_41' title='bbox 293 522 495 573; x_wconf 84' lang='lat' dir='ltr'>tempestas</span> <span class='ocrx_word' id='word_1_42' title='bbox 518 522 664 568; x_wconf 85' lang='lat' dir='ltr'>fuerat,</span> <span class='ocrx_word' id='word_1_43' title='bbox 690 532 732 560; x_wconf 90' lang='lat' dir='ltr'>ut</span> <span class='ocrx_word' id='word_1_44' title='bbox 752 523 916 572; x_wconf 88' lang='lat' dir='ltr'>prodigii</span> <span class='ocrx_word' id='word_1_45' title='bbox 945 524 1034 563; x_wconf 84' lang='lat' dir='ltr'>loco</span> <span class='ocrx_word' id='word_1_46' title='bbox 1058 511 1272 564; x_wconf 74' lang='lat' dir='ltr'>liaberetur.</span> <span class='ocrx_word' id='word_1_47' title='bbox 1301 526 1376 566; x_wconf 85' lang='lat' dir='ltr'>Sed</span> <span class='ocrx_word' id='word_1_48' title='bbox 1395 526 1587 576; x_wconf 83' lang='lat' dir='ltr'>Agrippa,</span> 
     </span>
     <span class='ocr_line' id='line_1_7' title="bbox 296 581 1588 636; baseline 0.002 -14"><span class='ocrx_word' id='word_1_49' title='bbox 296 592 410 636; x_wconf 79' lang='lat' dir='ltr'>portu</span> <span class='ocrx_word' id='word_1_50' title='bbox 437 584 585 622; x_wconf 88' lang='lat' dir='ltr'>strenue</span> <span class='ocrx_word' id='word_1_51' title='bbox 616 581 776 629; x_wconf 65' lang='lat' dir='ltr'>effecto,</span> <span class='ocrx_word' id='word_1_52' title='bbox 803 597 918 623; x_wconf 86' lang='lat' dir='ltr'>naves</span> <span class='ocrx_word' id='word_1_53' title='bbox 946 597 993 623; x_wconf 91' lang='lat' dir='ltr'>eo</span> <span class='ocrx_word' id='word_1_54' title='bbox 1027 585 1210 625; x_wconf 69' lang='lat' dir='ltr'>deductas</span> <span class='ocrx_word' id='word_1_55' title='bbox 1242 586 1505 634; x_wconf 82' lang='lat' dir='ltr'>consternere,</span> <span class='ocrx_word' id='word_1_56' title='bbox 1527 599 1588 625; x_wconf 85' lang='lat' dir='ltr'>re-</span> 
     </span>
     <span class='ocr_line' id='line_1_8' title="bbox 293 645 1586 698; baseline 0.001 -13"><span class='ocrx_word' id='word_1_57' title='bbox 293 645 487 696; x_wconf 81' lang='lat' dir='ltr'>migesque</span> <span class='ocrx_word' id='word_1_58' title='bbox 511 654 592 684; x_wconf 90' lang='lat' dir='ltr'>tota</span> <span class='ocrx_word' id='word_1_59' title='bbox 622 645 748 684; x_wconf 84' lang='lat' dir='ltr'>hieme</span> <span class='ocrx_word' id='word_1_60' title='bbox 773 658 950 685; x_wconf 82' lang='lat' dir='ltr'>exercere</span> <span class='ocrx_word' id='word_1_61' title='bbox 982 647 1153 686; x_wconf 86' lang='lat' dir='ltr'>instituit.</span> <span class='ocrx_word' id='word_1_62' title='bbox 1180 661 1270 686; x_wconf 85' lang='lat' dir='ltr'>nam</span> <span class='ocrx_word' id='word_1_63' title='bbox 1302 647 1424 688; x_wconf 83' lang='lat' dir='ltr'>Caesar</span> <span class='ocrx_word' id='word_1_64' title='bbox 1448 646 1586 698; x_wconf 82' lang='lat' dir='ltr'>viginti</span> 
     </span>
     <span class='ocr_line' id='line_1_9' title="bbox 292 707 1234 749; baseline 0 -1"><span class='ocrx_word' id='word_1_65' title='bbox 292 707 418 748; x_wconf 83' lang='lat' dir='ltr'>millia</span> <span class='ocrx_word' id='word_1_66' title='bbox 444 707 638 749; x_wconf 86' lang='lat' dir='ltr'>servorum</span> <span class='ocrx_word' id='word_1_67' title='bbox 666 708 717 746; x_wconf 86' lang='lat' dir='ltr'>ad</span> <span class='ocrx_word' id='word_1_68' title='bbox 739 707 810 746; x_wconf 83' lang='lat' dir='ltr'>hos</span> <span class='ocrx_word' id='word_1_69' title='bbox 837 707 924 747; x_wconf 87' lang='lat' dir='ltr'>usus</span> <span class='ocrx_word' id='word_1_70' title='bbox 949 709 1234 749; x_wconf 81' lang='lat' dir='ltr'>manumiserat.</span> 
     </span>
    </p>

    <p class='ocr_par' dir='ltr' id='par_1_3' title="bbox 288 771 1586 1686">
     <span class='ocr_line' id='line_1_10' title="bbox 345 771 1585 821; baseline 0.001 -9"><span class='ocrx_word' id='word_1_71' title='bbox 345 771 502 812; x_wconf 80' lang='lat' dir='ltr'>XXXI.</span> <span class='ocrx_word' id='word_1_72' title='bbox 532 771 672 812; x_wconf 85' lang='lat' dir='ltr'>Iisdem</span> <span class='ocrx_word' id='word_1_73' title='bbox 707 771 926 811; x_wconf 86' lang='lat' dir='ltr'>consulibus</span> <span class='ocrx_word' id='word_1_74' title='bbox 956 776 991 812; x_wconf 69' lang='lat' dir='ltr'>Sc</span> <span class='ocrx_word' id='word_1_75' title='bbox 1019 774 1143 821; x_wconf 81' lang='lat' dir='ltr'>Judaei</span> <span class='ocrx_word' id='word_1_76' title='bbox 1175 773 1327 813; x_wconf 61' lang='lat' dir='ltr'>subacti,</span> <span class='ocrx_word' id='word_1_77' title='bbox 1356 774 1454 812; x_wconf 85' lang='lat' dir='ltr'>Vere</span> <span class='ocrx_word' id='word_1_78' title='bbox 1480 785 1585 813; x_wconf 90' lang='lat' dir='ltr'>novo</span> 
     </span>
     <span class='ocr_line' id='line_1_11' title="bbox 289 832 1585 886; baseline 0.002 -13"><span class='ocrx_word' id='word_1_79' title='bbox 289 845 357 873; x_wconf 75' lang='lat' dir='ltr'>rex</span> <span class='ocrx_word' id='word_1_80' title='bbox 375 832 571 881; x_wconf 84' lang='lat' dir='ltr'>Herodes,</span> <span class='ocrx_word' id='word_1_81' title='bbox 596 833 720 871; x_wconf 86' lang='lat' dir='ltr'>castris</span> <span class='ocrx_word' id='word_1_82' title='bbox 745 833 793 871; x_wconf 90' lang='lat' dir='ltr'>ad</span> <span class='ocrx_word' id='word_1_83' title='bbox 821 834 1129 886; x_wconf 79' lang='lat' dir='ltr'>Hierosolymam</span> <span class='ocrx_word' id='word_1_84' title='bbox 1149 836 1277 884; x_wconf 76' lang='lat' dir='ltr'>positis</span> <span class='ocrx_word' id='word_1_85' title='bbox 1293 865 1304 881; x_wconf 90' lang='lat'>,</span> <span class='ocrx_word' id='word_1_86' title='bbox 1330 844 1405 874; x_wconf 88' lang='lat' dir='ltr'>tres</span> <span class='ocrx_word' id='word_1_87' title='bbox 1426 848 1585 886; x_wconf 82' lang='lat' dir='ltr'>aggeres</span> 
     </span>
     <span class='ocr_line' id='line_1_12' title="bbox 290 893 1585 945; baseline 0.002 -13"><span class='ocrx_word' id='word_1_88' title='bbox 290 894 450 932; x_wconf 84' lang='lat' dir='ltr'>excitari</span> <span class='ocrx_word' id='word_1_89' title='bbox 472 893 652 943; x_wconf 74' lang='lat' dir='ltr'>jusserat,</span> <span class='ocrx_word' id='word_1_90' title='bbox 679 894 820 932; x_wconf 89' lang='lat' dir='ltr'>eodem</span> <span class='ocrx_word' id='word_1_91' title='bbox 853 893 940 932; x_wconf 89' lang='lat' dir='ltr'>loco</span> <span class='ocrx_word' id='word_1_92' title='bbox 977 897 1012 934; x_wconf 65' lang='grc' dir='ltr'>δε</span> <span class='ocrx_word' id='word_1_93' title='bbox 1044 894 1249 945; x_wconf 85' lang='lat' dir='ltr'>exemplo,</span> <span class='ocrx_word' id='word_1_94' title='bbox 1274 908 1350 944; x_wconf 91' lang='lat' dir='ltr'>quo</span> <span class='ocrx_word' id='word_1_95' title='bbox 1375 896 1585 945; x_wconf 88' lang='lat' dir='ltr'>Pompejus</span> 
     </span>
     <span class='ocr_line' id='line_1_13' title="bbox 291 955 1586 1006; baseline 0.002 -12"><span class='ocrx_word' id='word_1_96' title='bbox 291 955 388 995; x_wconf 89' lang='lat' dir='ltr'>olim</span> <span class='ocrx_word' id='word_1_97' title='bbox 419 964 573 1005; x_wconf 84' lang='lat' dir='ltr'>ceperat</span> <span class='ocrx_word' id='word_1_98' title='bbox 607 956 754 995; x_wconf 87' lang='lat' dir='ltr'>urbem.</span> <span class='ocrx_word' id='word_1_99' title='bbox 790 956 941 996; x_wconf 82' lang='lat' dir='ltr'>Deinde</span> <span class='ocrx_word' id='word_1_100' title='bbox 979 957 1026 994; x_wconf 89' lang='lat' dir='ltr'>ad</span> <span class='ocrx_word' id='word_1_101' title='bbox 1068 959 1222 1006; x_wconf 84' lang='lat' dir='ltr'>nuptias</span> <span class='ocrx_word' id='word_1_102' title='bbox 1254 970 1343 997; x_wconf 88' lang='lat' dir='ltr'>curn</span> <span class='ocrx_word' id='word_1_103' title='bbox 1375 958 1586 998; x_wconf 81' lang='lat' dir='ltr'>Alexandri</span> 
     </span>
     <span class='ocr_line' id='line_1_14' title="bbox 290 1015 1585 1066; baseline 0 -11"><span class='ocrx_word' id='word_1_104' title='bbox 290 1016 373 1056; x_wconf 73' lang='lat' dir='ltr'>filia</span> <span class='ocrx_word' id='word_1_105' title='bbox 406 1015 654 1055; x_wconf 80' lang='lat' dir='ltr'>celebrandas</span> <span class='ocrx_word' id='word_1_106' title='bbox 701 1016 909 1057; x_wconf 80' lang='lat' dir='ltr'>Samariam</span> <span class='ocrx_word' id='word_1_107' title='bbox 948 1017 1166 1066; x_wconf 62' lang='lat' dir='ltr'>profeous,</span> <span class='ocrx_word' id='word_1_108' title='bbox 1200 1018 1466 1058; x_wconf 87' lang='lat' dir='ltr'>consummato</span> <span class='ocrx_word' id='word_1_109' title='bbox 1505 1032 1585 1059; x_wconf 89' lang='lat' dir='ltr'>ma-</span> 
     </span>
     <span class='ocr_line' id='line_1_15' title="bbox 289 1078 1586 1129; baseline 0.007 -13"><span class='ocrx_word' id='word_1_110' title='bbox 289 1078 500 1126; x_wconf 55' lang='lat' dir='ltr'>aimonio,</span> <span class='ocrx_word' id='word_1_111' title='bbox 517 1090 606 1117; x_wconf 89' lang='lat' dir='ltr'>cum</span> <span class='ocrx_word' id='word_1_112' title='bbox 631 1079 850 1129; x_wconf 86' lang='lat' dir='ltr'>ingentibus</span> <span class='ocrx_word' id='word_1_113' title='bbox 866 1079 985 1128; x_wconf 84' lang='lat' dir='ltr'>copiis</span> <span class='ocrx_word' id='word_1_114' title='bbox 1011 1080 1049 1118; x_wconf 90' lang='lat' dir='ltr'>in</span> <span class='ocrx_word' id='word_1_115' title='bbox 1077 1080 1192 1118; x_wconf 84' lang='lat' dir='ltr'>castra</span> <span class='ocrx_word' id='word_1_116' title='bbox 1216 1082 1338 1120; x_wconf 87' lang='lat' dir='ltr'>rediit.</span> <span class='ocrx_word' id='word_1_117' title='bbox 1358 1083 1471 1121; x_wconf 83' lang='lat' dir='ltr'>Venit</span> <span class='ocrx_word' id='word_1_118' title='bbox 1490 1096 1586 1125; x_wconf 80' lang='lat' dir='ltr'>mox</span> 
     </span>
     <span class='ocr_line' id='line_1_16' title="bbox 291 1132 1584 1193; baseline 0.005 -15"><span class='ocrx_word' id='word_1_119' title='bbox 291 1140 432 1179; x_wconf 83' lang='lat' dir='ltr'>eodem</span> <span class='ocrx_word' id='word_1_120' title='bbox 457 1139 500 1179; x_wconf 92' lang='lat' dir='ltr'>C.</span> <span class='ocrx_word' id='word_1_121' title='bbox 523 1132 648 1179; x_wconf 81' lang='lat' dir='ltr'>S&#39;ofius</span> <span class='ocrx_word' id='word_1_122' title='bbox 670 1153 760 1178; x_wconf 90' lang='lat' dir='ltr'>cum</span> <span class='ocrx_word' id='word_1_123' title='bbox 783 1140 1000 1190; x_wconf 79' lang='lat' dir='ltr'>legionibus</span> <span class='ocrx_word' id='word_1_124' title='bbox 1022 1141 1226 1190; x_wconf 86' lang='lat' dir='ltr'>undecim,</span> <span class='ocrx_word' id='word_1_125' title='bbox 1255 1144 1289 1181; x_wconf 66' lang='grc' dir='ltr'><strong>ἃ</strong></span> <span class='ocrx_word' id='word_1_126' title='bbox 1318 1142 1381 1181; x_wconf 81' lang='lat' dir='ltr'>sex</span> <span class='ocrx_word' id='word_1_127' title='bbox 1409 1144 1584 1193; x_wconf 85' lang='lat' dir='ltr'>equitum</span> 
     </span>
     <span class='ocr_line' id='line_1_17' title="bbox 290 1201 1584 1252; baseline 0.005 -12"><span class='ocrx_word' id='word_1_128' title='bbox 290 1201 485 1250; x_wconf 87' lang='lat' dir='ltr'>millibus,</span> <span class='ocrx_word' id='word_1_129' title='bbox 529 1214 750 1252; x_wconf 85' lang='lat' dir='ltr'>magnoque</span> <span class='ocrx_word' id='word_1_130' title='bbox 790 1201 1024 1241; x_wconf 77' lang='lat' dir='ltr'>auxiliorum</span> <span class='ocrx_word' id='word_1_131' title='bbox 1063 1216 1247 1251; x_wconf 82' lang='lat' dir='ltr'>numero,</span> <span class='ocrx_word' id='word_1_132' title='bbox 1285 1205 1334 1243; x_wconf 82' lang='lat' dir='ltr'>ad</span> <span class='ocrx_word' id='word_1_133' title='bbox 1382 1205 1584 1246; x_wconf 85' lang='lat' dir='ltr'>Borealem</span> 
     </span>
     <span class='ocr_line' id='line_1_18' title="bbox 291 1262 1583 1317; baseline 0.005 -17"><span class='ocrx_word' id='word_1_134' title='bbox 291 1263 427 1312; x_wconf 82' lang='lat' dir='ltr'>oppidi</span> <span class='ocrx_word' id='word_1_135' title='bbox 459 1276 611 1302; x_wconf 86' lang='lat' dir='ltr'>murum</span> <span class='ocrx_word' id='word_1_136' title='bbox 643 1263 817 1313; x_wconf 78' lang='lat' dir='ltr'>opposito</span> <span class='ocrx_word' id='word_1_137' title='bbox 846 1262 961 1301; x_wconf 90' lang='lat' dir='ltr'>vallo.</span> <span class='ocrx_word' id='word_1_138' title='bbox 1001 1265 1049 1303; x_wconf 80' lang='lat' dir='ltr'>At</span> <span class='ocrx_word' id='word_1_139' title='bbox 1085 1264 1230 1313; x_wconf 78' lang='lat' dir='ltr'>Judaei,</span> <span class='ocrx_word' id='word_1_140' title='bbox 1266 1279 1356 1315; x_wconf 86' lang='lat' dir='ltr'>gens</span> <span class='ocrx_word' id='word_1_141' title='bbox 1386 1268 1583 1317; x_wconf 79' lang='lat' dir='ltr'>pertinax,</span> 
     </span>
     <span class='ocr_line' id='line_1_19' title="bbox 292 1326 1585 1379; baseline 0 -14"><span class='ocrx_word' id='word_1_142' title='bbox 292 1328 329 1365; x_wconf 66' lang='grc' dir='ltr'>δε</span> <span class='ocrx_word' id='word_1_143' title='bbox 359 1326 440 1365; x_wconf 92' lang='lat' dir='ltr'>odii</span> <span class='ocrx_word' id='word_1_144' title='bbox 470 1326 589 1365; x_wconf 89' lang='lat' dir='ltr'>semel</span> <span class='ocrx_word' id='word_1_145' title='bbox 606 1326 792 1376; x_wconf 75' lang='lat' dir='ltr'>concepti</span> <span class='ocrx_word' id='word_1_146' title='bbox 822 1326 1130 1375; x_wconf 80' lang='lat' dir='ltr'>retinens,nihil</span> <span class='ocrx_word' id='word_1_147' title='bbox 1162 1328 1388 1376; x_wconf 73' lang='lat' dir='ltr'>omittebat,</span> <span class='ocrx_word' id='word_1_148' title='bbox 1408 1343 1484 1379; x_wconf 87' lang='lat' dir='ltr'>quo</span> <span class='ocrx_word' id='word_1_149' title='bbox 1514 1343 1585 1370; x_wconf 91' lang='lat' dir='ltr'>no.</span> 
     </span>
     <span class='ocr_line' id='line_1_20' title="bbox 290 1387 1586 1440; baseline 0 -13"><span class='ocrx_word' id='word_1_150' title='bbox 290 1400 379 1427; x_wconf 80' lang='lat' dir='ltr'>cere</span> <span class='ocrx_word' id='word_1_151' title='bbox 410 1387 662 1426; x_wconf 71' lang='lat' dir='ltr'>obsessoribus</span> <span class='ocrx_word' id='word_1_152' title='bbox 693 1387 844 1438; x_wconf 81' lang='lat' dir='ltr'>poffet3</span> <span class='ocrx_word' id='word_1_153' title='bbox 874 1400 947 1427; x_wconf 84' lang='lat' dir='ltr'>nec</span> <span class='ocrx_word' id='word_1_154' title='bbox 971 1388 1132 1427; x_wconf 82' lang='lat' dir='ltr'>audacia</span> <span class='ocrx_word' id='word_1_155' title='bbox 1163 1397 1335 1437; x_wconf 84' lang='lat' dir='ltr'>tantum,</span> <span class='ocrx_word' id='word_1_156' title='bbox 1362 1390 1427 1428; x_wconf 86' lang='lat' dir='ltr'>sed</span> <span class='ocrx_word' id='word_1_157' title='bbox 1456 1393 1491 1430; x_wconf 68' lang='grc' dir='ltr'>δε</span> <span class='ocrx_word' id='word_1_158' title='bbox 1520 1404 1586 1440; x_wconf 87' lang='lat' dir='ltr'>pa.</span> 
     </span>
     <span class='ocr_line' id='line_1_21' title="bbox 288 1448 1581 1502; baseline 0.002 -13"><span class='ocrx_word' id='word_1_159' title='bbox 288 1450 422 1489; x_wconf 84' lang='lat' dir='ltr'>tientia</span> <span class='ocrx_word' id='word_1_160' title='bbox 437 1449 579 1489; x_wconf 84' lang='lat' dir='ltr'>laboris</span> <span class='ocrx_word' id='word_1_161' title='bbox 595 1448 859 1489; x_wconf 79' lang='lat' dir='ltr'>formidabiles</span> <span class='ocrx_word' id='word_1_162' title='bbox 873 1479 884 1496; x_wconf 78' lang='lat'><strong>‚</strong></span> <span class='ocrx_word' id='word_1_163' title='bbox 901 1449 1087 1488; x_wconf 88' lang='lat' dir='ltr'>cuniculis</span> <span class='ocrx_word' id='word_1_164' title='bbox 1110 1452 1276 1489; x_wconf 76' lang='lat' dir='ltr'>maxime</span> <span class='ocrx_word' id='word_1_165' title='bbox 1295 1451 1441 1490; x_wconf 85' lang='lat' dir='ltr'>molesti</span> <span class='ocrx_word' id='word_1_166' title='bbox 1460 1461 1581 1502; x_wconf 83' lang='lat' dir='ltr'>erant,</span> 
     </span>
     <span class='ocr_line' id='line_1_22' title="bbox 291 1510 1585 1561; baseline 0.001 -10"><span class='ocrx_word' id='word_1_167' title='bbox 291 1512 394 1551; x_wconf 84' lang='lat' dir='ltr'>unde</span> <span class='ocrx_word' id='word_1_168' title='bbox 430 1510 555 1550; x_wconf 87' lang='lat' dir='ltr'>subito</span> <span class='ocrx_word' id='word_1_169' title='bbox 589 1511 833 1557; x_wconf 79' lang='lat' dir='ltr'>exsilientes,</span> <span class='ocrx_word' id='word_1_170' title='bbox 858 1512 1180 1561; x_wconf 85' lang='lat' dir='ltr'>necopinantibus</span> <span class='ocrx_word' id='word_1_171' title='bbox 1221 1513 1405 1552; x_wconf 87' lang='lat' dir='ltr'>damnum</span> <span class='ocrx_word' id='word_1_172' title='bbox 1443 1513 1585 1553; x_wconf 83' lang='lat' dir='ltr'>infere-</span> 
     </span>
     <span class='ocr_line' id='line_1_23' title="bbox 289 1572 1581 1623; baseline 0.004 -12"><span class='ocrx_word' id='word_1_173' title='bbox 289 1572 397 1611; x_wconf 83' lang='lat' dir='ltr'>bant.</span> <span class='ocrx_word' id='word_1_174' title='bbox 425 1574 462 1611; x_wconf 82' lang='lat'>&amp;</span> <span class='ocrx_word' id='word_1_175' title='bbox 496 1572 714 1623; x_wconf 73' lang='lat' dir='ltr'>priusquam</span> <span class='ocrx_word' id='word_1_176' title='bbox 741 1573 862 1611; x_wconf 82' lang='lat' dir='ltr'>ferme</span> <span class='ocrx_word' id='word_1_177' title='bbox 890 1586 973 1623; x_wconf 86' lang='lat' dir='ltr'>pars</span> <span class='ocrx_word' id='word_1_178' title='bbox 1005 1573 1131 1623; x_wconf 87' lang='lat' dir='ltr'>aliqua</span> <span class='ocrx_word' id='word_1_179' title='bbox 1167 1575 1266 1612; x_wconf 86' lang='lat' dir='ltr'>muri</span> <span class='ocrx_word' id='word_1_180' title='bbox 1295 1574 1482 1614; x_wconf 81' lang='lat' dir='ltr'>machinis</span> <span class='ocrx_word' id='word_1_181' title='bbox 1507 1577 1581 1616; x_wconf 87' lang='lat' dir='ltr'>im-</span> 
     </span>
     <span class='ocr_line' id='line_1_24' title="bbox 290 1634 1260 1686; baseline 0.003 -14"><span class='ocrx_word' id='word_1_182' title='bbox 290 1634 383 1686; x_wconf 83' lang='lat' dir='ltr'>pelli</span> <span class='ocrx_word' id='word_1_183' title='bbox 408 1634 550 1684; x_wconf 74' lang='lat' dir='ltr'>poiset,</span> <span class='ocrx_word' id='word_1_184' title='bbox 570 1635 792 1674; x_wconf 88' lang='lat' dir='ltr'>interiorem</span> <span class='ocrx_word' id='word_1_185' title='bbox 819 1648 962 1674; x_wconf 87' lang='lat' dir='ltr'>novum</span> <span class='ocrx_word' id='word_1_186' title='bbox 999 1636 1260 1686; x_wconf 81' lang='lat' dir='ltr'>opponebant.</span> 
     </span>
    </p>

    <p class='ocr_par' dir='ltr' id='par_1_4' title="bbox 288 1692 1581 2307">
     <span class='ocr_line' id='line_1_25' title="bbox 364 1692 1581 1748; baseline 0.001 -11"><span class='ocrx_word' id='word_1_187' title='bbox 364 1697 538 1737; x_wconf 85' lang='lat' dir='ltr'>XXXII.</span> <span class='ocrx_word' id='word_1_188' title='bbox 581 1698 666 1737; x_wconf 83' lang='lat' dir='ltr'>Hac</span> <span class='ocrx_word' id='word_1_189' title='bbox 698 1701 942 1737; x_wconf 84' lang='lat' dir='ltr'>contumacia</span> <span class='ocrx_word' id='word_1_190' title='bbox 975 1698 1015 1737; x_wconf 88' lang='lat' dir='ltr'>in</span> <span class='ocrx_word' id='word_1_191' title='bbox 1048 1692 1228 1748; x_wconf 68' lang='lat' dir='ltr'>quintum&#39;</span> <span class='ocrx_word' id='word_1_192' title='bbox 1257 1697 1373 1748; x_wconf 88' lang='lat' dir='ltr'>usque</span> <span class='ocrx_word' id='word_1_193' title='bbox 1408 1698 1581 1739; x_wconf 86' lang='lat' dir='ltr'>mensem</span> 
     </span>
     <span class='ocr_line' id='line_1_26' title="bbox 291 1760 1577 1808; baseline 0.005 -12"><span class='ocrx_word' id='word_1_194' title='bbox 291 1768 424 1797; x_wconf 82' lang='lat' dir='ltr'>contra</span> <span class='ocrx_word' id='word_1_195' title='bbox 457 1768 583 1798; x_wconf 85' lang='lat' dir='ltr'>tantos</span> <span class='ocrx_word' id='word_1_196' title='bbox 609 1760 793 1799; x_wconf 80' lang='lat' dir='ltr'>exercitus</span> <span class='ocrx_word' id='word_1_197' title='bbox 823 1760 956 1798; x_wconf 86' lang='lat' dir='ltr'>locum</span> <span class='ocrx_word' id='word_1_198' title='bbox 985 1769 1215 1808; x_wconf 86' lang='lat' dir='ltr'>tenuerunt,</span> <span class='ocrx_word' id='word_1_199' title='bbox 1243 1773 1332 1799; x_wconf 87' lang='lat' dir='ltr'>cum</span> <span class='ocrx_word' id='word_1_200' title='bbox 1360 1762 1513 1801; x_wconf 86' lang='lat' dir='ltr'>interim</span> <span class='ocrx_word' id='word_1_201' title='bbox 1541 1765 1577 1803; x_wconf 69' lang='grc' dir='ltr'>δε</span> 
     </span>
     <span class='ocr_line' id='line_1_27' title="bbox 289 1821 1577 1874; baseline 0.005 -16"><span class='ocrx_word' id='word_1_202' title='bbox 289 1821 393 1859; x_wconf 80' lang='lat' dir='ltr'>fame</span> <span class='ocrx_word' id='word_1_203' title='bbox 425 1830 712 1870; x_wconf 77' lang='lat' dir='ltr'>premerentur,</span> <span class='ocrx_word' id='word_1_204' title='bbox 735 1822 839 1871; x_wconf 88' lang='lat' dir='ltr'>quod</span> <span class='ocrx_word' id='word_1_205' title='bbox 866 1821 966 1861; x_wconf 85' lang='lat' dir='ltr'>forte</span> <span class='ocrx_word' id='word_1_206' title='bbox 993 1822 1224 1872; x_wconf 84' lang='lat' dir='ltr'>septimanus</span> <span class='ocrx_word' id='word_1_207' title='bbox 1257 1824 1302 1862; x_wconf 84' lang='lat' dir='ltr'>iis</span> <span class='ocrx_word' id='word_1_208' title='bbox 1327 1837 1447 1864; x_wconf 85' lang='lat' dir='ltr'>annus</span> <span class='ocrx_word' id='word_1_209' title='bbox 1472 1834 1577 1874; x_wconf 86' lang='lat' dir='ltr'>erat,</span> 
     </span>
     <span class='ocr_line' id='line_1_28' title="bbox 289 1882 1578 1938; baseline 0.005 -17"><span class='ocrx_word' id='word_1_210' title='bbox 289 1897 367 1933; x_wconf 83' lang='lat' dir='ltr'>quo</span> <span class='ocrx_word' id='word_1_211' title='bbox 415 1883 652 1933; x_wconf 63' lang='lat' dir='ltr'>praetermitti</span> <span class='ocrx_word' id='word_1_212' title='bbox 685 1882 831 1922; x_wconf 85' lang='lat' dir='ltr'>solebat</span> <span class='ocrx_word' id='word_1_213' title='bbox 867 1883 1107 1933; x_wconf 83' lang='lat' dir='ltr'>agricultura.</span> <span class='ocrx_word' id='word_1_214' title='bbox 1153 1885 1227 1925; x_wconf 88' lang='lat' dir='ltr'>Sed</span> <span class='ocrx_word' id='word_1_215' title='bbox 1265 1885 1408 1925; x_wconf 84' lang='lat' dir='ltr'>fiducia</span> <span class='ocrx_word' id='word_1_216' title='bbox 1440 1888 1578 1938; x_wconf 84' lang='lat' dir='ltr'>templi</span> 
     </span>
     <span class='ocr_line' id='line_1_29' title="bbox 289 1945 1575 2002; baseline 0.003 -18"><span class='ocrx_word' id='word_1_217' title='bbox 289 1945 489 1985; x_wconf 74' lang='lat' dir='ltr'>alebantur</span> <span class='ocrx_word' id='word_1_218' title='bbox 508 1975 520 1993; x_wconf 72' lang='lat'><strong>⁷</strong></span> <span class='ocrx_word' id='word_1_219' title='bbox 546 1946 602 1983; x_wconf 80' lang='lat' dir='ltr'>cui</span> <span class='ocrx_word' id='word_1_220' title='bbox 634 1959 703 1983; x_wconf 81' lang='lat' dir='ltr'>non</span> <span class='ocrx_word' id='word_1_221' title='bbox 727 1945 842 1997; x_wconf 78' lang='lat' dir='ltr'>defore</span> <span class='ocrx_word' id='word_1_222' title='bbox 870 1948 1030 1984; x_wconf 72' lang='lat' dir='ltr'>divinum</span> <span class='ocrx_word' id='word_1_223' title='bbox 1059 1948 1260 1997; x_wconf 82' lang='lat' dir='ltr'>auxilium,</span> <span class='ocrx_word' id='word_1_224' title='bbox 1285 1951 1340 1997; x_wconf 46' lang='grc' dir='ltr'>ἐξ),</span> <span class='ocrx_word' id='word_1_225' title='bbox 1361 1951 1400 2000; x_wconf 84' lang='lat' dir='ltr'><em>fi</em></span> <span class='ocrx_word' id='word_1_226' title='bbox 1424 1951 1504 2002; x_wconf 80' lang='lat' dir='ltr'>quis</span> <span class='ocrx_word' id='word_1_227' title='bbox 1535 1952 1575 1989; x_wconf 77' lang='lat' dir='ltr'>in</span> 
     </span>
     <span class='ocr_line' id='line_1_30' title="bbox 289 2008 1576 2063; baseline 0.004 -17"><span class='ocrx_word' id='word_1_228' title='bbox 289 2008 398 2061; x_wconf 75' lang='lat' dir='ltr'>hujus</span> <span class='ocrx_word' id='word_1_229' title='bbox 425 2008 617 2060; x_wconf 68' lang='lat' dir='ltr'>defensione</span> <span class='ocrx_word' id='word_1_230' title='bbox 629 2008 854 2060; x_wconf 57' lang='lat' dir='ltr'>occztbug&#39;fft&#39;et,</span> <span class='ocrx_word' id='word_1_231' title='bbox 871 2009 961 2046; x_wconf 78' lang='lat' dir='ltr'>hunc</span> <span class='ocrx_word' id='word_1_232' title='bbox 980 2024 1058 2048; x_wconf 75' lang='lat' dir='ltr'>vero</span> <span class='ocrx_word' id='word_1_233' title='bbox 1073 2025 1145 2063; x_wconf 79' lang='lat' dir='ltr'>prae</span> <span class='ocrx_word' id='word_1_234' title='bbox 1167 2012 1286 2048; x_wconf 73' lang='lat' dir='ltr'>ceteris</span> <span class='ocrx_word' id='word_1_235' title='bbox 1299 2011 1436 2062; x_wconf 78' lang='lat' dir='ltr'>felicem</span> <span class='ocrx_word' id='word_1_236' title='bbox 1449 2042 1460 2057; x_wconf 88' lang='lat'><em>‚</em></span> <span class='ocrx_word' id='word_1_237' title='bbox 1476 2015 1576 2051; x_wconf 73' lang='lat' dir='ltr'>Deo—</span> 
     </span>
     <span class='ocr_line' id='line_1_31' title="bbox 290 2069 1577 2122; baseline 0.002 -16"><span class='ocrx_word' id='word_1_238' title='bbox 290 2084 355 2122; x_wconf 61' lang='grc' dir='ltr'>(με</span> <span class='ocrx_word' id='word_1_239' title='bbox 375 2070 545 2115; x_wconf 69' lang='lat' dir='ltr'>amicum,</span> <span class='ocrx_word' id='word_1_240' title='bbox 567 2069 836 2119; x_wconf 66' lang='lat' dir='ltr'>praedicabant.</span> <span class='ocrx_word' id='word_1_241' title='bbox 861 2071 944 2110; x_wconf 85' lang='lat' dir='ltr'>Nec</span> <span class='ocrx_word' id='word_1_242' title='bbox 961 2071 1025 2109; x_wconf 81' lang='lat' dir='ltr'>nili</span> <span class='ocrx_word' id='word_1_243' title='bbox 1047 2085 1113 2121; x_wconf 86' lang='lat' dir='ltr'>per</span> <span class='ocrx_word' id='word_1_244' title='bbox 1136 2081 1260 2122; x_wconf 86' lang='lat' dir='ltr'>partes</span> <span class='ocrx_word' id='word_1_245' title='bbox 1287 2074 1371 2122; x_wconf 85' lang='lat' dir='ltr'>capi</span> <span class='ocrx_word' id='word_1_246' title='bbox 1400 2073 1577 2112; x_wconf 79' lang='lat' dir='ltr'>Hieroso-</span> 
     </span>
     <span class='ocr_line' id='line_1_32' title="bbox 288 2130 1576 2184; baseline 0.005 -15"><span class='ocrx_word' id='word_1_247' title='bbox 288 2130 394 2182; x_wconf 77' lang='lat' dir='ltr'>lyma</span> <span class='ocrx_word' id='word_1_248' title='bbox 424 2131 573 2180; x_wconf 86' lang='lat' dir='ltr'>potuit:</span> <span class='ocrx_word' id='word_1_249' title='bbox 603 2131 889 2182; x_wconf 81' lang='lat' dir='ltr'>quadragefimo</span> <span class='ocrx_word' id='word_1_250' title='bbox 911 2133 973 2171; x_wconf 89' lang='lat' dir='ltr'>die</span> <span class='ocrx_word' id='word_1_251' title='bbox 998 2135 1133 2184; x_wconf 80' lang='lat' dir='ltr'>viginti</span> <span class='ocrx_word' id='word_1_252' title='bbox 1164 2135 1376 2174; x_wconf 87' lang='lat' dir='ltr'>admodum</span> <span class='ocrx_word' id='word_1_253' title='bbox 1407 2136 1576 2176; x_wconf 68' lang='lat' dir='ltr'>delecto-</span> 
     </span>
     <span class='ocr_line' id='line_1_33' title="bbox 288 2193 1573 2249; baseline 0.005 -17"><span class='ocrx_word' id='word_1_254' title='bbox 288 2207 392 2237; x_wconf 62' lang='lat' dir='ltr'>rum,</span> <span class='ocrx_word' id='word_1_255' title='bbox 417 2193 582 2233; x_wconf 88' lang='lat' dir='ltr'>Herodis</span> <span class='ocrx_word' id='word_1_256' title='bbox 632 2197 860 2234; x_wconf 78' lang='lat' dir='ltr'>exteriorem</span> <span class='ocrx_word' id='word_1_257' title='bbox 902 2209 1052 2236; x_wconf 85' lang='lat' dir='ltr'>murum</span> <span class='ocrx_word' id='word_1_258' title='bbox 1089 2197 1434 2239; x_wconf 85' lang='lat' dir='ltr'>transcenderunt:</span> <span class='ocrx_word' id='word_1_259' title='bbox 1476 2212 1573 2249; x_wconf 86' lang='lat' dir='ltr'>quos</span> 
     </span>
     <span class='ocr_line' id='line_1_34' title="bbox 289 2254 1571 2307; baseline 0.005 -13"><span class='ocrx_word' id='word_1_260' title='bbox 289 2254 413 2294; x_wconf 77' lang='lat' dir='ltr'>statim</span> <span class='ocrx_word' id='word_1_261' title='bbox 443 2255 562 2294; x_wconf 83' lang='lat' dir='ltr'>secuti</span> <span class='ocrx_word' id='word_1_262' title='bbox 585 2255 668 2295; x_wconf 83' lang='lat' dir='ltr'>sunt</span> <span class='ocrx_word' id='word_1_263' title='bbox 692 2257 859 2296; x_wconf 86' lang='lat' dir='ltr'>Romani</span> <span class='ocrx_word' id='word_1_264' title='bbox 882 2258 1038 2307; x_wconf 80' lang='lat' dir='ltr'>quidam</span> <span class='ocrx_word' id='word_1_265' title='bbox 1056 2261 1298 2299; x_wconf 79' lang='lat' dir='ltr'>centuriones</span> <span class='ocrx_word' id='word_1_266' title='bbox 1313 2274 1332 2300; x_wconf 88' lang='lat' dir='ltr'>a</span> <span class='ocrx_word' id='word_1_267' title='bbox 1357 2262 1475 2301; x_wconf 86' lang='lat' dir='ltr'>Sofio.</span> <span class='ocrx_word' id='word_1_268' title='bbox 1494 2262 1571 2301; x_wconf 84' lang='lat' dir='ltr'>Sed</span> 
     </span>
    </p>
   </div>
   <div class='ocr_carea' id='block_1_3' title="bbox 289 2380 1572 2520">
    <p class='ocr_par' dir='ltr' id='par_1_5' title="bbox 289 2380 1572 2520">
     <span class='ocr_line' id='line_1_35' title="bbox 338 2380 1572 2431; baseline 0.006 -19"><span class='ocrx_word' id='word_1_269' title='bbox 338 2380 362 2424; x_wconf 59' lang='grc' dir='ltr'>ξ</span> <span class='ocrx_word' id='word_1_270' title='bbox 386 2380 495 2416; x_wconf 76' lang='lat' dir='ltr'>XXX.</span> <span class='ocrx_word' id='word_1_271' title='bbox 528 2382 635 2414; x_wconf 85' lang='lat' dir='ltr'>Strab.</span> <span class='ocrx_word' id='word_1_272' title='bbox 666 2382 688 2415; x_wconf 89' lang='lat' dir='ltr'>l.</span> <span class='ocrx_word' id='word_1_273' title='bbox 723 2393 750 2423; x_wconf 81' lang='grc' dir='ltr'>ς.</span> <span class='ocrx_word' id='word_1_274' title='bbox 783 2383 928 2417; x_wconf 78' lang='lat' dir='ltr'>Diodor.</span> <span class='ocrx_word' id='word_1_275' title='bbox 959 2385 1101 2418; x_wconf 78' lang='lat' dir='ltr'>Sueton.</span> <span class='ocrx_word' id='word_1_276' title='bbox 1132 2385 1212 2418; x_wconf 86' lang='lat' dir='ltr'>Dio.</span> <span class='ocrx_word' id='word_1_277' title='bbox 1239 2387 1424 2431; x_wconf 78' lang='lat' dir='ltr'>Philargyr.</span> <span class='ocrx_word' id='word_1_278' title='bbox 1446 2387 1572 2431; x_wconf 81' lang='lat' dir='ltr'>Vellej.</span> 
     </span>
     <span class='ocr_line' id='line_1_36' title="bbox 289 2425 1570 2475; baseline 0.011 -22"><span class='ocrx_word' id='word_1_279' title='bbox 289 2425 314 2465; x_wconf 65' lang='lat'>(5</span> <span class='ocrx_word' id='word_1_280' title='bbox 355 2425 474 2461; x_wconf 62' lang='lat' dir='ltr'>xxxi.</span> <span class='ocrx_word' id='word_1_281' title='bbox 504 2427 579 2461; x_wconf 78' lang='lat' dir='ltr'>Liv.</span> <span class='ocrx_word' id='word_1_282' title='bbox 614 2426 705 2466; x_wconf 73' lang='lat' dir='ltr'>Epir.</span> <span class='ocrx_word' id='word_1_283' title='bbox 737 2427 875 2473; x_wconf 76' lang='lat' dir='ltr'>Joseph.</span> <span class='ocrx_word' id='word_1_284' title='bbox 911 2431 1015 2475; x_wconf 72' lang='lat' dir='ltr'>antiq.</span> <span class='ocrx_word' id='word_1_285' title='bbox 1039 2430 1112 2466; x_wconf 83' lang='lat' dir='ltr'>Jud.</span> <span class='ocrx_word' id='word_1_286' title='bbox 1141 2443 1201 2475; x_wconf 81' lang='lat'>14,</span> <span class='ocrx_word' id='word_1_287' title='bbox 1224 2442 1283 2474; x_wconf 88' lang='lat'>27,</span> <span class='ocrx_word' id='word_1_288' title='bbox 1311 2431 1344 2464; x_wconf 68' lang='grc' dir='ltr'>δε</span> <span class='ocrx_word' id='word_1_289' title='bbox 1367 2433 1408 2466; x_wconf 74' lang='lat' dir='ltr'>de</span> <span class='ocrx_word' id='word_1_290' title='bbox 1433 2433 1468 2466; x_wconf 90' lang='lat' dir='ltr'>B.</span> <span class='ocrx_word' id='word_1_291' title='bbox 1492 2431 1570 2467; x_wconf 77' lang='lat' dir='ltr'>Jud-</span> 
     </span>
     <span class='ocr_line' id='line_1_37' title="bbox 294 2465 1146 2520; baseline 0.007 -18"><span class='ocrx_word' id='word_1_292' title='bbox 294 2465 470 2518; x_wconf 68' lang='lat' dir='ltr'>H&lt;gcfipp.</span> <span class='ocrx_word' id='word_1_293' title='bbox 497 2483 536 2518; x_wconf 71' lang='grc' dir='ltr'>ι,</span> <span class='ocrx_word' id='word_1_294' title='bbox 560 2483 613 2520; x_wconf 78' lang='lat'>31.</span> <span class='ocrx_word' id='word_1_295' title='bbox 638 2470 718 2509; x_wconf 68' lang='lat' dir='ltr'>Dio.</span> <span class='ocrx_word' id='word_1_296' title='bbox 1142 2504 1146 2508; x_wconf 91' lang='lat'>.</span> 
     </span>
    </p>
   </div>
  </div>
 </body>
</html>
