1617 2963
233 200 330 261 ‘248
396 201 490 250 JO.
529 197 1035 244 FREINSHEMII
1073 190 1436 246 SUPPLEM'.

237 304 455 346 deduceret.
481 306 564 345 Nec
588 313 717 343 tamen
753 303 802 343 ob
835 304 916 344 haec
942 305 1040 355 gesta
1070 313 1134 344 aut
1157 305 1300 356 scripfit
1333 306 1504 354 senatui,

235 377 302 406 aut
329 366 593 417 triumphum,
626 365 717 405 licet
746 368 898 406 auctore
931 365 1073 407 Caesare
1114 367 1330 414 decretum,
1365 366 1503 413 duxit;

233 430 482 477 modestiam,
507 430 601 468 sicut
619 429 844 478 assueverat,
863 429 1005 469 servare
1020 442 1199 481 pergenS,
1218 433 1324 480 quus
1347 431 1382 470 &
1398 429 1503 469 aliud

234 491 543 539 experimentum
589 492 727 531 eodem
765 501 936 542 tempore
978 492 1108 539 dedit,
1147 505 1234 531 cum
1279 491 1501 531 sententiam

235 551 372 591 consul
398 554 446 592 de
476 554 590 593 fratre
626 564 795 605 rogaret,
835 551 986 594 censere
1018 555 1203 594 recusans,
1235 554 1344 594 Idem
1386 554 1502 592 etiam

234 614 423 664 virginem
453 629 616 666 aquam,
651 619 691 656 in
718 631 806 667 agro
833 618 1044 657 Lucullano
1075 627 1330 667 conceptam,
1357 617 1504 666 privato

230 675 361 716 sumtu
394 680 547 719 induxit
582 682 621 719 in
655 680 814 728 urbem,
848 681 1050 731 Augustam
1083 692 1234 720 vocans.
1271 682 1374 729 quod
1405 678 1504 716 adeo

234 745 387 785 gratum
428 738 558 778 Caesari
594 740 692 789 fuit,
726 749 768 780 ut
801 743 841 780 in
878 742 1034 792 penuria
1067 742 1169 788 vini,
1214 753 1306 780 cum
1340 738 1504 790 populus

233 797 349 836 valde
386 800 687 851 vociferaretur,
721 804 814 855 finis
856 803 991 842 dixerit
1023 803 1198 856 provisum
1229 818 1252 839 a
1283 815 1402 854 genero
1437 800 1504 853 fi¹⁰

231 861 421 914 Agrippa,
443 865 613 914 perduffz's
642 864 803 916 pluribus
830 866 960 916 aquis,
987 879 1029 903 ne
1054 863 1209 902 homines
1225 864 1372 914 sitirent.

287 927 458 969 XXXV.
489 930 595 969 Talis
627 931 740 981 igitur
772 931 935 981 Agrippa
971 931 1054 970 fuit.
1087 939 1299 974 ceterorum
1335 929 1502 980 plerique

232 987 282 1027 ob
307 1001 364 1027 res
392 989 688 1041 haudquaquam
722 992 810 1031 huic
838 993 1140 1043 comparandas,
1167 992 1372 1030 latrociniis
1406 992 1504 1030 forte

231 1052 475 1102 compreffis,
515 1063 579 1093 aut
606 1055 854 1095 seditionibus
885 1055 1101 1104 compositis
1133 1055 1355 1101 civitatum,
1383 1056 1418 1093 &
1439 1066 1506 1104 pe-

231 1113 374 1153 tierunt
403 1115 620 1166 triumphos
642 1146 653 1164 ‚
690 1119 725 1156 8:
755 1119 1017 1167 impetrarunt.
1051 1118 1133 1157 Nec
1166 1117 1268 1155 enim
1308 1128 1440 1166 parcus
1466 1116 1506 1154 in

231 1173 293 1213 his
324 1175 444 1215 Caesar
467 1186 565 1225 erat,
590 1190 703 1227 quem
729 1177 838 1230 super
863 1180 1019 1229 triginta
1044 1178 1204 1217 ducibus
1228 1177 1343 1226 justos
1371 1178 1506 1216 trium>-

231 1235 333 1287 phos
350 1267 360 1285 ‚
385 1240 420 1276 Sc
449 1237 642 1288 aliquanto
667 1238 836 1288 pluribus
859 1239 1102 1290 triumphalia
1132 1247 1353 1277 ornamenta
1377 1239 1507 1277 decer-

231 1298 360 1337 nenda
382 1299 549 1348 curasse,
573 1302 747 1349 invenio;
780 1314 1013 1353 quamquam
1036 1314 1081 1340 ex
1102 1302 1366 1352 plerorumque
1390 1299 1505 1350 gestis

232 1360 445 1410 Imperator
469 1370 624 1401 vocatus
649 1376 726 1400 non
750 1362 850 1402 effet.
885 1364 925 1403 L.
945 1372 1073 1402 tamen
1092 1364 1257 1403 Cornelii
1280 1362 1388 1403 Balbi
1407 1364 1441 1403 P.
1461 1364 1505 1404 F.

232 1434 314 1459 non
343 1434 478 1471 expers
510 1423 732 1462 meritorum
767 1424 980 1474 triumphus
1010 1424 1109 1463 fuit:
1139 1437 1254 1474 quem
1283 1423 1507 1473 proconsule

231 1483 342 1521 duxit
363 1496 412 1524 ex
438 1485 563 1524 Africa
589 1485 642 1525 VI
676 1486 757 1526 Kal.
783 1486 896 1536 April.
932 1488 1037 1526 victis
1071 1487 1380 1535 Garamantibus,
1409 1501 1506 1538 quosv

228 1546 335 1586 nulla
379 1548 472 1587 dum
508 1549 683 1588 Romana
716 1563 820 1589 arma
848 1550 1102 1600 perculerant.
1145 1552 1228 1591 Nec
1263 1563 1350 1590 cum
1376 1551 1505 1590 homi-

231 1608 344 1646 nibus
376 1609 517 1657 modo,
543 1609 606 1647 sed
639 1612 760 1660 magis
795 1623 883 1649 cum
907 1611 963 1650 fiti
991 1612 1252 1650 dimicandum
1275 1612 1373 1660 fuit3
1398 1612 1505 1662 quod

231 1670 338 1720 putei
364 1671 485 1710 arenis
519 1673 669 1720 injectis
699 1673 1000 1713 occultabantur.
1034 1675 1119 1714 Nec
1138 1674 1226 1713 ideo
1259 1674 1380 1714 minus
1410 1673 1505 1713 Pha·

229 1734 433 1772 zaniorum
463 1735 498 1772 ἃς
521 1734 792 1775 Garamantum
824 1736 964 1786 oppida
986 1736 1151 1787 plurima
1177 1743 1317 1786 capta,
1340 1748 1504 1785 quorum

233 1792 510 1832 nobilissimum
537 1794 695 1844 Debris,
722 1796 772 1835 ob
811 1796 959 1836 fontem
985 1798 1087 1836 mirae
1122 1805 1288 1845 naturave²
1315 1798 1350 1835 ἅτ
1389 1805 1504 1847 caput

229 1859 352 1908 gentis
384 1858 556 1898 Garama.

293 1927 481 1967 XXXVI.
510 1929 594 1968 Nec
622 1929 865 1979 triumphatae
895 1937 1042 1969 tantum
1079 1931 1267 1978 nationis,
1291 1929 1353 1968 sed
1382 1929 1500 1971 etiam

231 1988 501 2038 triumphantis
543 1991 692 2030 novitas
733 1991 968 2031 illustriorem
1004 1992 1108 2030 hunc
1142 1992 1176 2029 ei
1210 1990 1363 2029 titulum
1397 1991 1500 2030 fecit.

234 2049 407 2087 Gadibus
447 2061 575 2097 natus,
615 2050 806 2090 civitatem
834 2051 1048 2090 Romanam
1080 2063 1167 2089 cum
1202 2052 1345 2099 majore
1383 2049 1500 2090 Balbo

230 2118 365 2159 patruo
389 2109 453 2150 suo
478 2120 688 2161 acceperat.
711 2124 781 2150 nec
802 2125 1030 2162 quemquam
1055 2113 1101 2150 ad
1125 2125 1167 2151 ea
1183 2121 1353 2162 tempora
1369 2113 1501 2151 trium-

231 2170 386 2220 phasse,
422 2171 490 2209 nis1
525 2172 742 2211 Romanum
765 2181 921 2219 natum,
944 2173 1203 2212 meminerant.
1230 2174 1284 2212 Ex·
1319 2173 1400 2212 Kal.
1423 2173 1499 2221 Jul.

231 2233 314 2280 ejus
349 2234 439 2271 anni
481 2233 536 2273 M.
572 2235 741 2272 Vinicius
779 2234 1015 2274 consulatum
1051 2236 1191 2285 gell'lt:
1227 2238 1370 2283 ceteri,
1410 2248 1500 2276 nam

231 2292 334 2332 haud
363 2294 479 2332 dubie
505 2293 649 2334 suffecti
680 2294 804 2344 plures
830 2296 1006 2344 fuerunt,
1030 2298 1260 2347 ignorantur.
1278 2297 1499 2346 Atsequens

232 2367 372 2404 annus,
399 2368 473 2406 quo
497 2355 573 2395 duo
606 2357 772 2396 Cornelii
799 2357 968 2405 Lentuli,
995 2357 1144 2397 Publius
1169 2358 1204 2397 P.
1231 2358 1272 2397 F.
1301 2360 1336 2398 Sc
1365 2358 1500 2396 Cnaeus

272 2486 294 2533 5
325 2484 480 2540 XXXIV.
503 2485 593 2524 Flor.
616 2499 659 2533 4,
680 2497 730 2521 ιτ..
746 2486 828 2522 Dio.
852 2489 873 2532 §
899 2488 1039 2525 XXXV.
1064 2489 1202 2525 Sueten.
1223 2488 1255 2521 in
1279 2488 1365 2538 Aug.
1386 2500 1415 2522 c.
1438 2498 1497 2531 42„
