1617 2963
249 207 342 269 196
409 206 502 253 10.
537 197 1034 251 FREI‘N'SHEMH
1075 198 1430 257 sup-PLEM,

243 314 430 355 ducendae
452 307 625 352 coloniae.
661 312 706 352 Id
725 319 811 352 tum
836 322 1114 365 quoque‘ratus
1135 323 1399 367 opportunum
1422 319 1539 368 fore.,‘

242 387 447 431 propterea
484 376 590 426 quod
623 375 802 415 violentis
840 376 974 427 Lepidi
1009 376 1206 427 ludibriis,
1249 391 1385 430 magna
1420 389 1531 430 parte

240 441 412 492 priorum
439 437 667 478 colonorum
699 439 894 487 abducta,
925 439 1114 480 sublatum
1139 442 1209 489 jus
1241 442 1402 481 coloniae
1424 443 1530 482 vide-

237 501 363 541 batur
390 500 508 551 Igitur
525 499 675 540 Statilio
689 500 842 550 Tauro,
861 502 997 541 iterum
1021 502 1157 541 Africae
1177 503 1422 554 proconsuli,
1439 503 1530 542 scri-

237 564 336 617 psit,
367 572 424 602 ut
439 563 565 602 moenia
585 563 716 617 instaur
717 577 816 610 aret,
835 566 1142 619 frequentaretque
1163 567 1443 606 habitatoribus.·

276 624 485 666 LXXIX.
519 625 639 675 Igitur
659 625 706 664 ad
733 626 804 665 tria
833 627 954 666 ferme
987 627 1106 668 millia
1127 628 1353 668 colonorum
1385 628 1523 668 Roma-

235 702 350 731 norui
340 703 403 738 m,
433 702 518 740 quae
544 688 649 727 miffa
673 701 720 727 ex
746 689 783 729 Si
787 688 871 728 cilia
896 690 1072 738 fuerant,
1097 690 1212 730 aliam
1237 704 1283 731 ex
1304 691 1438 731 vicinis
1460 697 1527 741 op‘-
1531 690 1535 704 ⁴

237 753 341 804 pidis
371 755 545 792 coactam
580 752 874 791 multitudinem
910 753 1064 802 adJ'ecit.
1110 754 1190 794 Sub
1228 754 1311 794 haec
1352 759 1538 804 tempora·

236 815 509 866 Commagenae
536 827 600 854 rex
627 813 864 863 Antiochus,
893 823 1073 854 evocatus
1103 829 1122 855 a
1149 816 1315 865 Caesare,
1344 825 1458 867 atque
1483 813 1534 856 in·

234 877 366 917 senatu
393 876 544 917 causam
574 877 650 915 dic
686 876 873 925 juiius,
907 875 1094 927 supplicio
1122 877 1291 926 interiit,
1326 878 1438 928 quod
1462 876 1531 916 le-⁴

236 937 366 988 gatum
401 951 427 976 a·
459 907 861 985 fratreMithridate,
903 940 1085 987 quocum
1109 938 1154 976 lis
1189 946 1267 977 erat
1304 939 1525 987 Antiocho,

233 1014 303 1053 per
326 1001 502 1042 fraudem
536 1002 747 1042 occiderat.
785 1002 904 1042 Eme
930 1002 1021 1052 quid
1056 1015 1101 1041 ex
1127 1003 1276 1041 traditis
1301 1005 1526 1054 praetermit-

232 1072 360 1113 tatur‚·
399 1075 492 1104 tunc
529 1067 646 1104 etiam
677 1065 830 1115 Capreae
866 1065 1098 1114 patrimonio
1136 1063 1313 1114 Caesaris,
1341 1065 1532 1105 'instituta’

234 1140 323 1167 cum
353 1127 621 1179 Neapolitanis
654 1128 936 1178 permutatione
952 1125 974 1176 ,·'
993 1126 1250 1176 accesserunt,
1278 1142 1393 1178 quam
1415 1127 1534 1168 insu:

232 1189 310 1229 lam
345 1190 447 1229 haud
484 1190 642 1229 maximi
670 1191 805 1240 pretii,
840 1191 968 1240 postea
1006 1190 1166 1230 secessus
1190 1191 1332 1231 Tiberii
1372 1191 1523 1231 Caesaris

232 1252 466 1292 nobilitavit.
511 1251 568 1292 Ab
608 1251 739 1291 iisdem
780 1251 1048 1303 Neapolitanis
1084 1252 1339 1302 Leucogaeum
1378 1252 1520 1292 collem

231 1315 421 1361 redemit,
461 1314 728 1365 affignatisex
765 1313 854 1352 fisco
890 1313 1128 1353 suo'vicenis
1162 1314 1336 1365 millibus
1359 1315 1521 1362 annuis;

236 1375 426 1426 deditque
441 1375 610 1420 colonis,
642 1387 737 1425 quos
755 1375 926 1425 Capuam
953 1375 1189 1424 deduxerat,
1211 1375 1347 1415 alicam
1368 1375 1405 1415 se
1431 1388 1524 1415 con-

231 1437 347 1478 ficere
369 1437 473 1488 posse
495 1437 570 1476 fine
601 1446 724 1485 creta,
756 1440 866 1486 cujus
891 1437 955 1476 ille
983 1437 1093 1478 collis
1119 1438 1195 1478 vim
1220 1441 1436 1479 maximam
1450 1439 1520 1479 ha·-
1528 1439 1530 1441 ’

230 1500 323 1550 bet,
355 1501 600 1552 negantibus.
634 1501 729 1541 Haec
749 1500 869 1540 ferme
897 1501 1032 1553 quinto
1057 1500 1208 1542 Caesaris
1233 1498 1432 1572 consulatu
1452 1516 1517 1554 ge

228 1564 283 1604 sta
311 1566 448 1613 reperi.

294 1626 465 1668 LXXX.
502 1627 620 1667 Sexto
656 1627 820 1676 deinde,
852 1624 961 1677 qu‘us
996 1627 1186 1679 collegam
1221 1624 1276 1669 Μ’.
1305 1629 1517 1680 Agrippam

230 1689 304 1729 effe
326 1689 473 1737 voluit
500 1690 551 1729 ad
578 1689 740 1740 pristinae
765 1658 984 1740 reipublicae
1013 1690 1181 1742 speciem
1213 1702 1301 1730 cum
1325 1689 1398 1731 alia
1419 1686 1519 1732 mul-

230 1758 272 1790 ta
296 1751 471 1801 redegit,
495 1758 576 1790 tum
602 1752 744 1799 etiam,
772 1751 900 1791 divifis
927 1764 1018 1792 cum
1035 1753 1198 1804 Agrippa
1215 1753 1405 1801 fascibus,
1426 1767 1516 1794 cum

232 1812 353 1853 abiret
381 1814 596 1863 magistratu
618 1844 627 1861 ‚
653 1813 824 1852 solemne
859 1816 1127 1863 jusjurandum
1154 1815 1342 1855 adhibuit.
1384 1818 1516 1868 Agrip-

229 1888 320 1926 pam
359 1886 485 1915 autem
512 1875 593 1914 aliis
617 1876 734 1913 etiam
762 1875 974 1916 honoribus
1003 1890 1150 1927 aequare
1181 1878 1246 1917 fibi
1276 1877 1432 1929 solitus,
1456 1879 1522 1918 so-⁴

229 1937 325 1975 roris
348 1935 500 1976 elocata
524 1936 601 1976 filia
629 1937 812 1989 affinitate
832 1939 975 1987 junxit3
1001 1941 1035 1978 ἅ
1061 1940 1212 1990 quoties
1239 1953 1311 1979 una
1339 1942 1387 1980 ad
1409 1954 1517 1980 exer-

230 1999 353 2036 citum
382 1997 497 2046 esset,
541 1995 649 2036 simili
675 1992 802 2037 secuiu
831 1999 1078 2040 tabernaculo
1104 2002 1179 2049 uti,
1206 2014 1360 2052 unaque
1385 1996 1526 2041 secum

230 2061 321 2101 dare
346 2062 492 2112 signum
513 2060 629 2110 juffit.
656 2063 761 2102 Tum
784 2070 911 2101 autem
940 2063 1122 2114 temporis
1148 2063 1302 2102 censum
1332 2078 1405 2103 una
1427 2055 1523 2114 per-¹

229 2132 389 2174 egerunt
415 2123 579 2173 populi,
619 2122 852 2174 lustrumque
879 2125 963 2175 post
988 2139 1132 2165 annum
1163 2126 1321 2164 alterum
1351 2128 1385 2165 Sc
1422 2120 1526 2182 qua-5

231 2185 485 2235 dragefimum
511 2198 532 2224 a
558 2184 599 2225 L.
622 2179 774 2231 Gellio,¹
803 2182 869 2226 (En.
890 2186 1054 2241 Lentulo
1076 2187 1293 2228 censoribus
1309 2219 1320 2235 ,
1344 2179 1520 2229 censoria

230 2247 416 2297 potestate
436 2247 554 2287 fecit:
589 2261 665 2298 quo
687 2248 803 2287 lustro
825 2249 935 2288 censa
969 2250 1053 2289 sunt
1080 2252 1222 2290 civium
1249 2250 1511 2290 Romanorum

230 2307 456 2358 quadragies
484 2316 646 2348 centena
671 2309 868 2360 sexaginta
894 2312 966 2350 tria
989 2310 1123 2351 millia.

276 2427 298 2470 §
324 2427 510 2460 LXXVIII.
534 2428 645 2461 Tacit.
676 2428 757 2462 Dio.
779 2430 924 2475 Appian,
943 2429 1135 2474 §LXXIX
1162 2430 1307 2474 Appi-an.
1326 2429 1406 2463 Dio.
1423 2429 1512 2463 Plin.

230 2472 542 2562 {51531111335xK
575 2473 825 2520 Dio.Eutrop.
856 2474 1047 2510 casaubon.
1082 2476 1231 2509 Exercit.
1273 2485 1389 2519 1‚33.
1422 2474 1514 2519 Lips,
