1617 2963
285 187 364 234 ΙΝ
401 184 568 232 LOC.
605 183 736 230 LIB.
776 183 902 230 CXL
951 184 1089 231 LIV.
1258 199 1346 246 295

68 294 367 337 contumeliosus
403 293 466 333 hic
502 291 659 331 secessus
690 291 840 329 futurus
870 300 979 330 erat:
1014 290 1204 341 ciboque,
1247 292 1352 341 post-

76 371 190 407 quam
222 357 258 396 se
298 356 458 396 detineri
481 353 663 401 videbat,
695 353 900 402 quatriduo
929 352 1142 392 abstineret.
1186 352 1352 392 Rhodus

73 419 109 458 ei
141 420 340 458 revertenti
370 418 471 470 prius
502 429 551 456 ex
583 416 757 455 Armenia
794 413 1022 452 salubritatis
1049 416 1083 453 ἃ
1118 412 1352 453 amoenitatis

73 480 230 519 nomine
256 482 425 520 maxime
453 478 662 530 placuerat.
703 476 789 515 Huc
812 475 925 525 igitur
952 476 1169 514 concedens
1189 507 1201 524 ,
1230 476 1355 515 modi-

72 539 128 578 cis
153 541 294 582 aedibus
323 542 388 581 diu
418 543 593 591 ingentes
622 539 807 585 virtutes,
841 549 912 575 nec
938 538 1088 576 minora
1120 537 1209 575 vitia
1237 537 1354 577 abdi-

72 600 157 648 dit;
191 601 336 652 reliquo
358 601 473 640 etiam
495 598 604 638 cultu
628 597 920 647 officiorumque
951 609 1040 636 eum
1065 597 1205 637 Graecis
1233 598 1354 648 paria.

70 660 198 709 tione,
228 663 377 711 privato
404 658 570 699 similior.

124 721 296 762 XXXII.
329 721 505 761 Ceterum
533 718 705 771 praesenti
733 716 857 757 labori
884 729 972 756 meo
1004 717 1045 755 in
1081 715 1141 755 his
1169 717 1352 767 tempori.

69 781 142 821 bus
173 782 338 832 aetisque
368 782 484 821 finem
520 781 647 829 facio,
682 781 780 819 circa
819 792 901 829 quae
929 778 1122 819 Livianam
1150 779 1267 817 etiam
1292 779 1352 817 hia

72 843 224 883 storiam
252 843 394 883 defiiffe
429 844 576 882 indicio
615 842 880 893 Epitomarum
911 839 1233 890 deprehenditur3
1267 849 1353 880 toto

72 905 203 945 animo
229 905 354 945 versus
384 907 424 944 in
455 905 609 954 majoris
637 907 672 944 &
698 903 960 943 constantioris
982 903 1129 952 imperii
1155 905 1351 944 auetorem

8 996 11 999 .
74 966 354 1017 dominumque
376 966 507 1016 Jesum
528 966 717 1007 Christum
732 997 746 1014 ,
768 978 881 1016 quem
904 963 972 1003 sub
998 962 1113 1002 hosce
1134 976 1253 1002 annos
1282 965 1351 1016 (de

71 1027 187 1066 natali
223 1029 325 1067 enim
359 1030 441 1077 ejus
476 1027 580 1067 haud
617 1027 766 1066 levibus
801 1027 1037 1076 argumentis
1080 1026 1179 1064 inter
1220 1026 1357 1065 doftos

73 1085 312 1139 disputatur)
349 1085 550 1126 hominem
582 1096 715 1125 natum
743 1086 831 1125 suus
866 1085 1013 1136 aspexit
1042 1088 1168 1136 potius
1187 1117 1198 1133 ‚
1237 1100 1353 1136 quam

69 1149 229 1196 agnovit
249 1147 364 1188 orbis.
394 1149 519 1198 Hujus
548 1148 738 1187 beneficio
754 1178 767 1194 ‚
789 1147 813 1186 fi
835 1149 928 1198 quid
961 1146 1104 1186 Utiliter
1129 1147 1348 1196 elaboravi,

73 1208 214 1247 debere
240 1220 302 1248 me
331 1217 458 1249 totum
482 1208 688 1259 profiteor:
727 1220 894 1259 eumque
922 1207 1145 1258 suppliciter
1175 1222 1270 1257 oro,
1309 1217 1354 1248 ut

72 1283 186 1320 porro
209 1279 383 1311 mentem
417 1271 637 1321 eam—mihi
672 1269 816 1319 servet,
857 1271 1008 1319 omnia,
1041 1271 1089 1309 de
1123 1270 1262 1320 quibus
1289 1270 1355 1310 hic

70 1331 214 1383 scripsi,
238 1344 378 1383 regna,
401 1333 603 1381 vietorias‚
625 1332 846 1382 triumphos
861 1363 871 1381 ,
895 1332 1002 1371 nullo
1025 1333 1144 1371 modo
1164 1333 1276 1384 digna
1298 1346 1356 1372 re-

71 1401 302 1443 putantem,
337 1393 387 1432 ob
411 1406 494 1444 quae
525 1393 628 1432 illius
656 1393 881 1433 saneriffima
906 1392 1004 1432 secta
1021 1424 1031 1441 ,
1076 1401 1142 1432 aut
1163 1394 1351 1446 quidquid

70 1466 115 1493 ea
140 1453 265 1494 facere
290 1465 335 1495 ac
357 1454 436 1505 pati
466 1452 603 1504 jubet,
629 1452 706 1493 ulla
731 1467 781 1494 ex
806 1462 919 1505 parte
947 1452 1171 1507 negligam&

116 1570 143 1618 S
170 1570 297 1609 XXXI.
318 1571 406 1609 Plin.
425 1582 468 1615 7,
489 1581 546 1615 45.
568 1573 713 1608 Sueten,
