1617 2963
219 200 292 245 IN
335 200 432 245 LO
455 197 509 244 C.
546 195 683 244 LIB.
727 196 975 244 CXXXVI
1021 198 1167 244 LIV.
1252 196 1337 257 265

77 305 278 355 equidem,
297 308 320 346 si
345 306 532 357 pontificis
554 306 711 344 maximi
735 311 837 342 tanta
863 304 1023 355 potestas
1045 303 1193 348 fuisset,
1211 311 1252 341 ut
1273 304 1346 341 im·
1365 319 1367 322 ·

76 368 223 416 perium
248 368 417 407 adimere
445 369 508 406 cui
532 365 646 406 vellet
675 365 817 416 poss'et,
848 367 952 415 quod
982 378 1103 415 nuper
1133 364 1237 404 afferi
1267 376 1344 402 eoe-

73 437 185 476 ptum
213 429 285 476 est,
312 427 485 468 adversus
522 427 588 467 has
615 428 769 476 injurias
801 428 839 465 in
870 437 1023 478 promtu
1058 427 1176 467 telum
1208 427 1344 465 acerri-

73 500 182 527 mum
208 489 405 530 habuiffet.
436 489 583 530 Eodem
604 501 703 528 anno
731 489 915 538 Augustus
936 489 1130 527 tribunitia
1160 487 1344 538 potestate

75 549 349 590 duodecimum
368 583 380 598 ‚
413 551 693 601 quadringenos
725 563 903 588 nummos
936 551 1080 589 viritim
1105 550 1249 600 populo
1278 550 1346 588 de-

77 611 146 652 dit.
172 612 337 653 honores
357 613 402 652 ab
420 613 548 652 senatu
567 611 736 669 delatos,
758 611 982 661 pontificatu
1002 621 1158 662 accepto
1171 641 1183 660 ,
1199 610 1344 650 abnuit.

72 671 325 718 insistentibus
349 678 526 727 surrexit,
558 679 594 717 ἃ
622 689 642 716 e
669 677 770 716 curia
796 676 832 716 se
856 677 1052 727 proripuit.

127 754 270 795 LXXI.
299 756 412 795 AEdes
436 755 503 794 fibi
533 754 690 805 publice
722 753 879 804 praeberi
905 765 982 791 non
1016 751 1067 789 est
1099 749 1250 801 paffus:
1279 746 1346 786 sed

74 818 162 865 quia
189 818 409 868 pontificem
440 821 652 858 maximum
688 819 728 857 in
756 816 909 868 publica
942 816 1058 854 domo
1085 813 1253 852 habitare
1279 822 1347 848 ne-

27 913 31 914 t
72 878 215 918 ceffum
248 890 350 930 erat,
377 881 525 920 suarum
550 881 688 920 aedium
711 881 750 918 in
772 879 911 918 Palatio
939 887 1084 928 partem
1116 875 1343 926 publicavit.

71 940 241 982 Domum
269 952 421 991 autem,
447 957 560 994 quam
591 956 654 981 rex
681 943 871 981 sacrorum
897 939 989 979 olim
1016 937 1253 982 obtinuerat,
1275 935 1348 972 Ve-

71 1001 251 1051 stalibus,
281 1018 437 1055 quarum
462 1005 508 1044 ab
537 1004 774 1043 habitatione
799 1002 994 1042 communi
1021 1008 1169 1039 tantum
1203 996 1346 1046 pariete

73 1065 392 1116 distinguebatur,
420 1066 585 1105 tradidit.
615 1066 662 1105 Et
685 1078 731 1103 ne
755 1078 822 1115 per
848 1066 941 1103 iram
968 1063 1060 1113 quid
1084 1061 1252 1107 faceret,
1279 1063 1346 1095 aut

73 1125 218 1166 diceret
236 1128 445 1175 incivilius,
474 1140 562 1167 cum
587 1128 626 1166 in
647 1126 775 1166 senatu
802 1136 956 1176 propter
978 1124 1104 1163 uxoris
1125 1121 1196 1161 suae
1223 1120 1346 1158 vitam

73 1188 271 1228 accusatus
293 1190 489 1231 Cornelius
505 1189 679 1236 Sisenna,
700 1190 831 1226 <ineram
845 1188 915 1239 fibi
932 1187 1087 1238 Augusto
1100 1186 1230 1222 anelare
1252 1192 1343 1219 con-

74 1251 264 1299 firmaret3
292 1252 441 1291 exfiluit
463 1265 484 1291 e
515 1251 603 1291 sede
630 1251 714 1297 sua,
745 1251 803 1298 ἃ,
822 1248 942 1299 spatio
975 1246 1157 1297 temporis
1177 1244 1347 1292 interpo-

72 1313 164 1360 fitO,
194 1312 330 1352 rediit:
367 1314 454 1360 hoc,
479 1314 559 1351 licet
596 1327 665 1352 non
697 1312 921 1358 concinnum,
962 1309 1135 1347 admittere
1168 1304 1345 1355 maluff,

69 1386 172 1424 quam
185 1372 324 1424 aliquid
333 1372 427 1424 forte
446 1373 611 1424 gravius,
634 1372 729 1410 inter
751 1372 898 1410 amicos
924 1369 1049 1419 postea
1072 1365 1258 1406 confessus
1275 1364 1340 1402 est.

70 1434 156 1474 Nec
180 1433 437 1474 subtrahenda
468 1433 661 1472 memoriae
689 1432 749 1471 vel
779 1432 961 1482 principis
985 1430 1036 1469 est
1057 1428 1261 1480 patientia,
1281 1424 1344 1464 vel

71 1493 228 1533 libertas
254 1494 507 1546 ingerentium
545 1493 756 1533 discedenti
787 1492 991 1542 aliquando
1012 1520 1023 1538 ,
1062 1490 1160 1528 licere
1191 1499 1342 1540 oportere

65 1558 284 1609 finatoribus
306 1559 347 1595 de
370 1557 545 1609 republica
567 1557 673 1608 loqui.
702 1555 865 1603 Ferunt,
895 1554 1101 1605 Augustum
1124 1551 1238 1600 hujus
1260 1549 1343 1587 vitii

73 1617 267 1657 conscium
282 1650 294 1668 ‚
333 1627 524 1669 gratanter
562 1619 772 1658 amicorum
813 1618 1098 1657 admonitiones
1140 1612 1340 1663 excepisse.

70 1681 170 1721 Nam
193 1683 229 1720 &
249 1681 539 1721 Athenodorum
555 1680 773 1720 Tarsensem
801 1693 821 1718 a
843 1679 880 1719 se
899 1679 1197 1729 digredientem,
1227 1687 1314 1714 cum
1328 1705 1340 1722 ‚

71 1751 223 1793 rogatus
247 1742 340 1783 utile
361 1752 596 1793 praeceptum
629 1741 856 1792 relinquere,
886 1740 1056 1788 dixisset,
1077 1739 1149 1785 uti,
1172 1752 1246 1776 cum
1270 1729 1341 1774 coe’-

64 1805 168 1857 pisset
188 1805 288 1858 irasci
302 1835 316 1852 ‚
342 1817 488 1857 quatuor
503 1806 537 1843 δ’
556 1804 686 1856 viginti
709 1804 851 1842 Graecas
879 1804 998 1841 literas
1016 1802 1176 1840 memoria
1198 1800 1344 1851 recense-

70 1878 142 1915 ret,
157 1866 358 1919 priusquam
382 1866 520 1918 aliquid
530 1865 681 1918 faceret,
695 1877 757 1903 aut
775 1865 984 1917 loqueretur,
1000 1871 1191 1902 retentum
1214 1860 1261 1900 ab
1278 1873 1342 1909 eo,

72 1927 246 1976 dicente,
261 1928 332 1978 fibi
351 1928 465 1965 adhuc
488 1927 565 1979 ejus
584 1926 767 1980 praesentia
800 1939 889 1979 opus
908 1924 981 1977 effi.

121 2003 284 2045 LXXII.
301 2003 479 2044 Ceterum
503 2003 684 2054 Agrippa,
706 2002 872 2042 reversus
898 2002 938 2041 in
962 2001 1095 2041 urbem
1109 2031 1121 2049 ‚
1140 2000 1337 2040 decretum

67 2069 136 2110 fibi
164 2068 403 2119 triumphum
437 2069 574 2108 ducere
605 2067 751 2107 noluit:
788 2066 1087 2117 exemplumque
1117 2065 1250 2112 dedit,
1288 2075 1338 2101 ne

70 2133 154 2184 quis
178 2133 307 2183 postea
339 2132 570 2183 privatorum
598 2140 664 2170 aut
687 2143 734 2170 ex
767 2128 973 2180 provinciis
997 2128 1175 2167 scriberet
1208 2126 1255 2164 ad
1283 2124 1341 2162 se-

71 2204 228 2243 natum,
262 2202 328 2234 aut
360 2193 468 2233 vic“tis
492 2192 660 2232 hostibus
698 2190 960 2241 triumpharet.
1008 2189 1124 2242 Igitur
1155 2186 1260 2227 fimul
1287 2186 1338 2226 ob

69 2255 218 2296 virtutis
250 2257 285 2295 ἃ
316 2254 507 2295 modestiae
538 2254 763 2306 singularem
791 2253 1066 2304 praestantiam,
1101 2252 1266 2291 summos
1297 2249 1338 2288 in

122 2421 145 2460 S
177 2420 281 2455 Lxx.
314 2420 395 2454 Dio.
418 2420 440 2465 §
463 2420 582 2455 LXXI.
604 2421 745 2456 Sueton.
773 2420 807 2453 in
840 2420 928 2465 Aug.
956 2432 986 2454 e,
1010 2430 1060 2463 54„
1092 2418 1181 2452 Piut.
1210 2417 1337 2462 apoph,

68 2472 165 2511 Rom.
186 2485 215 2507 ς,
242 2482 297 2513 422
320 2473 401 2509 Dio.
