1617 2963
252 197 344 238 :240
411 182 1442 236 10.ΗυᾼῑΝςι-ὶεῑνυιδυΡΡῑΕΜ

252 290 445 339 ptivorum
472 290 594 336 major
630 300 715 337 pars
746 286 982 328 Alexandria:
1011 292 1188 332 vendita:
1225 293 1333 334 mille
1359 294 1530 335 delectoa

247 351 296 389 ad
326 350 509 390 Caesarem
543 350 741 389 Petronius
764 351 884 397 misit,
911 362 993 391 tum
1027 366 1159 392 recens
1185 367 1207 394 e
1230 355 1430 396 Cantabris
1466 369 1531 396 re-

246 411 419 460 versum,
443 411 557 449 ceteri
583 411 718 451 morbo
746 412 974 452 interierunt
998 427 1046 453 ex
1074 417 1262 466 peregrini
1295 417 1384 456 coeli
1407 418 1529 468 impa.

245 474 393 512 tientia.
428 473 529 512 Dum
554 474 603 513 ad
631 473 734 513 hunc
757 475 919 514 modum
944 477 1107 526 praemiis
1139 478 1302 518 vicfforiae
1332 479 1530 519 Romanus

245 535 477 585 perfruitur,
505 535 732 585 Candacen,
753 536 1052 576 numerofiffimo
1079 539 1248 578 exercitu
1274 542 1409 580 coacto
1437 553 1531 591 prae-

239 597 380 636 sidium
410 606 748 648 oppugnaturam,
772 597 917 637 summa
954 598 1150 639 celeritate
1180 601 1266 640 usus
1294 604 1528 649 antevertit3

239 657 324 708 ipse
354 659 531 697 Premnin
566 659 772 709 ingressus,
806 671 896 698 cum
926 660 1049 700 multo
1084 674 1210 702 rerum
1239 663 1530 703 neceffatiarum

244 728 443 770 apparatu.
1516 743 1519 746 Δ

301 781 446 822 XVIII.
476 781 592 830 Quod
619 781 685 821 ubi
711 790 790 820 erat
818 783 959 822 factum
977 813 989 830 ‚
1014 783 1214 833 candace,
1242 785 1444 835 desperans
1471 797 1534 824 ar-

246 843 344 891 mis,
366 841 511 893 legatos
536 843 673 880 iterum
702 842 809 880 misit.
844 844 909 892 qui
934 843 1094 897 Caesarem
1117 847 1212 883 adire
1235 846 1343 894 jussi,
1366 860 1425 885 nec
1450 845 1531 898 quis

243 905 324 957 effit
350 907 482 957 Caesar,
508 920 567 944 nec
590 906 649 942 ubi
671 904 769 956 effic,
787 905 877 957 scire
893 907 933 957 se
961 905 1250 955 responderunt.
1285 908 1436 947 Idcirco
1464 907 1530 947 da-

245 968 294 1006 tis
315 967 476 1006 ducibus
500 967 547 1005 ad
575 966 781 1016 Augustum
808 967 980 1013 deducti,
1004 966 1157 1006 facilem
1183 968 1231 1006 ad
1259 969 1440 1007 defideria
1465 967 1531 1008 sua

246 1036 492 1078 repererunt3
520 1026 623 1077 isque
646 1028 829 1066 tributum
860 1028 976 1067 etiam
994 1059 1005 1076 ,
1037 1030 1142 1079 quod
1171 1037 1254 1068 erat
1276 1031 1533 1079 imperatum,

246 1090 399 1128 remisit.
442 1089 485 1129 In
520 1090 634 1128 Samo
669 1098 752 1127 tum
782 1089 1009 1127 hibernabat
1042 1091 1189 1139 Caesar,
1228 1091 1277 1130 ad
1310 1092 1533 1141 obeundam

246 1151 397 1200 imperii
419 1156 568 1200 partem
595 1149 689 1188 urbe
720 1149 923 1199 profectus.
958 1148 1026 1188 llla
1053 1149 1357 1199 peregrinatione
1382 1153 1531 1199 patuit,

247 1226 365 1263 quam
397 1210 600 1251 necessaria
628 1211 808 1250 Romanis
838 1210 1000 1260 potestas
1029 1212 1140 1249 unius
1168 1210 1284 1258 estet,
1311 1210 1530 1250 libertatem

247 1274 346 1313 ultra
361 1273 459 1312 ferre
481 1271 752 1311 nescientibus.
774 1271 846 1310 Vix
868 1272 907 1310 in
928 1271 1099 1310 Siciliam
1125 1271 1245 1311 Caesar
1261 1270 1531 1318 transmiserat,

248 1347 339 1374 cum
370 1335 502 1374 Romae
528 1332 790 1372 consularibus
827 1333 994 1371 comitiis
1025 1341 1132 1371 tanto
1165 1332 1311 1370 ambitu
1342 1340 1531 1372 certatum

247 1397 321 1444 est,
360 1405 403 1435 ut
437 1408 569 1445 parum
602 1407 622 1433 a
664 1395 830 1433 tumultu
870 1406 926 1432 res
968 1394 1120 1433 abess'et.
1175 1394 1234 1433 M.
1269 1393 1415 1433 Lollius
1448 1396 1528 1442 jam

247 1460 409 1504 inierat,
432 1458 663 1507 gerebatque
686 1456 808 1504 solus3
835 1456 938 1506 quod
958 1457 1125 1507 Augusto
1143 1455 1281 1495 servari
1307 1456 1439 1496 locum
1455 1471 1526 1508 po⁸²

248 1520 362 1571 pulus
385 1519 569 1558 voluerat.

303 1583 415 1622 XIX.
431 1582 633 1631 Postquam
660 1578 707 1618 ab
725 1577 790 1617 illo
813 1591 892 1618 non
916 1577 1051 1630 suscipi
1072 1579 1310 1620 consulatum
1329 1581 1531 1630 innotuit,

246 1644 369 1683 studia
391 1643 685 1682 candidatorum
718 1643 824 1681 miris
857 1644 1132 1683 certaminibus
1167 1643 1347 1683 exarsere.
1385 1645 1434 1695 Q
1460 1644 1532 1684 Le-

247 1707 386 1758 pidus,
411 1706 451 1746 L.
475 1705 626 1745 Silanus
656 1707 866 1755 petebant,
901 1718 946 1744 ea
973 1707 1238 1756 magnitudine
1267 1709 1303 1747 &
1329 1706 1533 1746 vehemen=

218 1772 221 1775 ’
246 1769 298 1810 tia
319 1769 533 1808 factionum
547 1798 558 1815 ,
576 1775 618 1806 ut
635 1767 748 1806 acciri
768 1766 949 1806 Caesarem
978 1766 1266 1818 prudentiffimo
1293 1769 1431 1819 cuique
1451 1767 1532 1818 pla·

251 1840 366 1870 steret.
401 1830 471 1870 Ille
495 1831 772 1879 competitores
799 1842 959 1869 evocare
981 1831 1020 1869 in
1046 1831 1218 1871 Siciliam
1238 1831 1398 1870 maluit:
1426 1831 1533 1869 casti-

252 1891 433 1942 gatosque
459 1890 582 1929 verbis
594 1920 604 1937 ,
625 1891 661 1929 &
678 1890 811 1942 abgffe,
830 1892 911 1928 dum
935 1891 1077 1929 comitia
1089 1905 1357 1944 peragerentur,
1371 1892 1506 1941 jubens
1518 1920 1530 1938 5

250 1953 403 1993 dimisit.
425 1953 485 1992 Ne
510 1952 558 1990 fic
578 1951 735 2001 quidem
757 1949 845 1989 satis
864 1952 999 2001 quietae
1021 1965 1077 1990 res
1094 1953 1221 1993 fuere:
1249 1954 1408 2004 postque
1432 1953 1532 1992 mul-

252 2023 311 2054 tas
335 2014 465 2053 turbas
491 2014 553 2052 vix
578 2014 697 2051 creari
723 2011 854 2051 consul
885 2014 933 2062 Q.
964 2013 1131 2062 Lepidus
1151 2014 1289 2063 potuit.
1327 2014 1424 2065 Ergo
1448 2015 1533 2054 Cae=

248 2075 332 2124 sar,
363 2087 436 2114 nec
463 2074 629 2125 paffurus
654 2072 767 2121 talia,
793 2085 864 2112 nec
887 2073 957 2112 soli
980 2082 1176 2114 vacaturus
1201 2076 1359 2124 Romae,
1380 2089 1470 2115 eum
1489 2076 1531 2115 in

253 2147 335 2177 tam
355 2137 491 2177 diffuso
516 2136 677 2186 imperio
709 2135 805 2186 saepe
828 2136 1013 2176 adeundae
1038 2138 1245 2186 provinciae
1278 2137 1419 2186 essent,
1442 2150 1532 2179 cum

255 2200 470 2242 Maecenate
506 2199 754 2249 deliberav1t‚
783 2212 937 2239 utrumne
963 2202 1021 2239 M„
1046 2202 1268 2254 Agrippam,
1302 2217 1368 2254 quo
1389 2204 1472 2255 plus
1500 2202 1532 2241 ei

253 2265 305 2301 ad
324 2275 458 2301 tantum
479 2263 659 2314 regendum
685 2261 853 2313 populum
880 2264 1097 2301 aufforitaris
1114 2264 1191 2314 effer
1205 2293 1217 2312 ‚
1242 2267 1326 2302 dara
1350 2264 1388 2301 in
1409 2265 1532 2304 matri-

256 2326 407 2363 monium
431 2323 517 2374 filia
540 2353 552 2370 ,
587 2324 663 2360 urbi
692 2324 908 2374 praeficeret?
944 2337 1020 2374 quo
1047 2333 1222 2375 tempore
1256 2324 1474 2376 responsum
1508 2338 1529 2364 a

256 2385 469 2431 ‘Maecenate
496 2386 629 2425 Caesari
654 2386 804 2433 ferunt,
839 2386 985 2425 Tantam
1009 2387 1088 2440 jam
1110 2389 1308 2442 Agrippam
1330 2387 1464 2442 fecisti,
1493 2399 1531 2427 ur

304 2507 328 2552 S
347 2507 457 2544 XVII.
483 2506 563 2544 Dio.
587 2507 696 2544 Strab.
721 2507 808 2542 Plin.
834 2507 855 2553 §
885 2507 1014 2544 XVIII.
1040 2506 1120 2543 Dice,
