1617 2963
194 161 267 209 tu
311 156 485 207 Loc.
523 156 661 205 ΗΒ.
705 154 954 203 cxxxw
1000 155 1148 203 mv,
1231 162 1325 218 239

52 268 309 319 piae‚legatos
334 280 389 306 res
414 265 617 315 repetitum
645 262 751 301 misit.
787 261 921 315 Illi‚fi›
944 277 966 298 a
986 260 1182 300 nornarclzis
1198 258 1324 310 lacqffin

51 342 107 368 tos
128 330 221 382 justa
245 332 374 382 piaque
396 341 492 366 arma
512 324 726 377 corripuiffir,
752 324 1037 373 responderunt,
1064 320 1232 362 Viciffim
1252 322 1328 361 Pe-

51 390 218 438 tronius,
248 391 407 440 Caesarem
429 386 490 437 effi
516 386 688 423 dominum
715 384 862 435 regionis
879 413 889 431 ,
917 385 1120 422 nomarchas
1144 398 1211 420 non
1232 382 1324 433 effi,

50 464 247 502 regerem,
271 451 377 488 tridui
394 449 550 502 spatium
570 445 788 497 petentibus
811 445 858 483 ad
882 445 1175 484 deliberandum
1205 444 1325 483 dedit.

52 514 228 553 Pervenit
253 520 380 550 tamen
416 522 471 549 res
499 509 548 548 ad
584 519 777 558 pugnam,
816 505 879 544 sed
914 515 1068 556 propter
1094 506 1329 555 imperitiam

55 577 92 615 a&
109 574 315 614 instruendi
329 604 339 621 ‚
363 575 398 612 ἃ
420 574 550 621 inepta
569 582 672 608 arma
692 568 857 607 hostium
871 598 880 615 ,
900 568 1022 606 facilis
1040 569 1219 606 victoriae.
1239 568 1332 607 Scu-

53 642 92 673 ta
119 635 285 684 ingentia
313 634 474 671 ferentes
509 643 530 668 e
560 629 678 667 crudo
716 627 824 666 bovis
855 628 989 676 corio,
1031 627 1222 667 securibus
1264 627 1333 667 alii

53 707 121 736 aut
145 696 270 735 contis
295 707 373 733 rem
396 692 601 743 gerebant,
627 689 696 727 rari
722 688 868 738 gladiis.

106 758 210 798 XVI.
242 757 324 796 Nec
354 756 520 794 eundem
544 764 677 792 omnes
701 750 831 790 locum
860 750 948 799 fuga
982 749 1182 799 petierunt.
1216 749 1331 791 Pauci

52 820 93 858 in
119 819 265 858 deserta
291 817 520 856 abdiderunt
553 815 647 854 sese:
686 813 811 863 plures
842 813 1013 851 vicinum
1050 811 1234 861 oppidum
1268 821 1334 850 aea

54 882 181 930 cepit:
224 881 397 926 fuerunt,
435 877 499 927 qui
537 877 576 915 in
607 875 821 926 proximam
864 872 1026 912 insulam
1066 874 1195 911 nando
1229 874 1336 921 trajiaq

55 951 214 990 cerem,
248 943 353 993 quod
387 953 431 979 ea
458 949 563 989 parte
597 937 753 988 pro'pter
788 934 1031 975 velocitatem
1059 936 1181 973 amnis
1215 935 1336 972 mini-

53 1017 117 1042 me
146 1003 256 1042 multi
281 1000 466 1041 crocodili
496 1008 612 1038 erant.
648 999 692 1037 In
720 998 778 1037 his
812 998 927 1036 duces
954 996 1068 1034 etiam
1090 995 1244 1033 fuerunt
1278 1007 1337 1032 re„

55 1067 152 1116 ginae
190 1066 406 1109 Candaces,
439 1075 521 1110 quae
546 1060 642 1096 virili
668 1059 797 1095 animo
827 1057 962 1094 mulier
987 1055 1228 1105 AEthiopibus
1251 1064 1336 1094 tum

54 1123 289 1176 imperabat,
328 1121 447 1160 altero
484 1118 597 1158 oculo
623 1128 745 1168 capta.
783 1118 863 1156 Hos
886 1118 925 1155 in
955 1117 1178 1166 potestatem
1207 1117 1337 1155 statim

53 1187 228 1226 redactos
262 1190 382 1238 (nam
413 1183 554 1222 ratibus
586 1183 620 1220 ἃ
649 1179 873 1230 quibusdam
909 1179 1070 1229 navigiis
1098 1189 1246 1228 partem
1279 1190 1336 1217 arf.

55 1259 245 1289 matorum
284 1244 559 1298 transjecerat)
607 1242 877 1282 Alexandriam
914 1240 1024 1279 mifit.
1063 1241 1145 1279 Nec
1180 1238 1337 1279 Pselcba

54 1323 203 1350 moram
233 1308 351 1354 fecit,
392 1315 574 1356 tantaque
615 1304 821 1344 multitudo
859 1305 1100 1354 captivorum
1138 1303 1244 1349 fuit,
1288 1309 1334 1341 ut

57 1374 188 1413 addita
213 1384 372 1411 numero
395 1370 708 1414 interfedtorum,
734 1378 875 1416 paucos
898 1378 943 1404 ex
962 1365 1031 1404 illo
1055 1365 1224 1405 exercitu
1247 1377 1336 1404 eva-

53 1434 137 1474 siss'e
167 1434 363 1472 constaret.
398 1431 454 1470 Ab
484 1429 558 1468 hoc
589 1429 761 1479 oppido,
790 1441 856 1477 per
885 1439 1006 1465 arenae
1036 1425 1239 1473 cumulos,
1269 1427 1336 1475 qui

60 1489 253 1546 Cambysis
281 1493 409 1543 copias
436 1492 671 1537 intexerant‚
704 1489 895 1539 profectus
912 1518 922 1534 ,
952 1488 1123 1527 Premnin
1146 1489 1336 1528 munitam

57 1558 128 1597 fitu
171 1556 303 1594 urbem
345 1567 390 1593 ex
424 1554 556 1591 itinere
598 1561 861 1602 oppugnatam
898 1550 1012 1599 cepit.
1064 1549 1159 1589 Inde
1202 1559 1338 1599 praetet

57 1618 257 1665 Aboccin,
283 1615 492 1661 Phthia-in,
520 1613 730 1660 Canbusm,
756 1614 955 1656 Attenam,
976 1610 1159 1657 Stadifin,
1183 1611 1245 1649 ubi
1263 1601 1337 1648 Ni.-¹

55 1678 114 1715 lus
144 1676 295 1713 maximo
323 1688 397 1712 cum
419 1673 560 1724 fragore
592 1672 631 1723 se
662 1671 888 1724 praecipitans
919 1671 1076 1706 auditum
1109 1670 1239 1708 accolis
1269 1684 1334 1706 αιιἼ

49 1738 142 1791 ferre
164 1737 304 1775 dicitur
319 1764 332 1780 ,
357 1735 478 1784 captis
493 1763 505 1781 ‚
531 1745 613 1782 quae
630 1732 950 1778 memoravimus,
981 1731 1156 1781 oppidis,
1181 1731 1334 1781 Napata

59 1804 300 1848 perventum.

117 1859 240 1900 XVII.
269 1856 386 1907 Regia
412 1855 606 1895 candaces
624 1854 704 1894 haec
730 1862 859 1894 erant:
888 1856 923 1894 ὁὶ
947 1853 1025 1904 ipsa
1051 1854 1269 1903 propinquo
1298 1852 1338 1892 se

59 1919 211 1960 castello
239 1928 407 1966 tenens,
443 1917 585 1967 legatos
610 1918 658 1955 de
692 1928 785 1966 pace
805 1915 935 1962 misit,
963 1915 1081 1965 captis
1107 1915 1156 1952 ad
1186 1916 1339 1965 Syenen

59 1981 282 2022 hominibus
306 1979 506 2029 statuisque
522 1979 709 2019 restitutis.
734 1978 817 2017 Nec
842 1977 928 2015 ideo
948 1978 1074 2015 minus
1095 1976 1174 2015 filio
1197 1978 1335 2027 reginae

59 2059 176 2097 puero
202 2045 361 2094 Napatis
386 2043 646 2094 profugiente,
672 2051 782 2093 capta
805 2041 893 2080 urbs
916 2054 961 2080 ac
988 2043 1126 2081 diruta.
1158 2041 1244 2089 Jam
1265 2043 1337 2080 cir-

60 2108 154 2146 citer
184 2115 377 2156 nongenta
399 2105 568 2156 paffuum
594 2104 714 2144 millia
742 2102 953 2153 processum
979 2103 1026 2142 ab
1045 2104 1167 2154 Syene
1188 2103 1333 2142 fuerat:

61 2169 175 2219 igitur
194 2168 410 2215 intellecto,
441 2166 620 2205 ulteriora
652 2175 808 2215 propter
833 2177 986 2203 arenam
1007 2166 1071 2205 vix
1093 2165 1187 2202 adiri
1214 2163 1338 2213 posse,

63 2243 150 2270 curn
168 2230 296 2280 praeda
319 2227 462 2266 recessit
478 2229 693 2274 Romanus,
712 2226 842 2266 relicto
855 2226 1003 2265 Premni
1023 2226 1213 2276 praefidio‚
1232 2225 1338 2273 quod

63 2293 253 2343 oppidum
280 2291 500 2341 diligentius
517 2290 822 2340 permuniverat‚
839 2288 1057 2338 copiisque,
1071 2298 1256 2338 quantum
1279 2288 1338 2325 vi-

65 2354 114 2393 tis
141 2351 424 2403 quadringentis
448 2351 488 2389 in
516 2350 714 2389 biennium
735 2348 971 2395 sufficerent,
1002 2348 1232 2386 instruxerat.
1265 2346 1337 2389 Ca:

107 2471 130 2515 5
154 2469 230 2507 XV.
256 2469 364 2505 Strab.
390 2469 414 2503 1.
438 2477 486 2510 ¹7·
502 2467 582 2504 Dio.
609 2466 630 2512 §
652 2465 745 2503 XVI.
766 2464 848 2503 Dio.
869 2464 956 2501 Prin.
981 2464 1024 2507 6,
1048 2473 1102 2505 29·
1122 2461 1231 2499 Strab.
