1617 2963
232 187 311 234 IN
351 187 528 235 LOC.
574 190 711 238 LIB.
761 187 964 239 CXXXI
1003 191 1154 242 LIV.
1288 197 1353 245 81:v

154 293 276 334 XLII.
319 295 392 335 Sed
429 293 601 342 barbari,
640 296 785 335 tametsi
815 296 906 336 huic
939 298 976 338 se
1008 300 1110 339 dono
1147 301 1224 340 dari
1260 312 1351 343 cum

68 356 179 393 omni
205 357 308 406 regio
336 357 583 395 instrumento
611 357 894 407 intelligebant,
918 373 997 399 non
1020 363 1224 402 adorarunt
1247 377 1348 413 eam,

71 415 164 456 licet
183 419 296 458 minis
323 418 583 469 promissisque
608 419 919 471 sollicitarentur3
947 435 1018 464 nec
1044 426 1173 475 aliter,
1192 426 1257 466 nisi
1282 441 1350 467 no-

67 481 196 526 mine,
221 479 382 518 salutare
409 480 685 529 sustinuerunt,
717 494 928 531 memores,
954 487 1081 537 magni
1108 487 1144 526 se
1174 486 1352 538 Tigranis

66 541 291 591 progeniem
321 541 419 580 effe:
449 554 532 592 quae
560 554 617 580 res
638 543 741 592 apud
776 543 869 582 alios
898 544 1059 594 gloriam
1089 546 1187 597 illis,
1215 549 1352 589 odium

68 603 173 652 apud
203 602 474 652 Cleopatram,
503 604 539 641 ὃς
574 614 620 640 ex
656 615 702 641 eo
739 616 893 653 magnas
925 605 1157 645 calamitates
1189 609 1355 658 peperit.'

64 664 168 704 Nam
194 664 232 701 in
249 664 416 703 custodia
435 663 519 703 sunt
535 662 678 712 habiti,
698 667 732 704 Sc
747 664 814 704 sub
831 667 973 705 Actiaci
998 667 1087 706 belli
1111 677 1262 720 tempus
1284 672 1351 710 Ar-

67 725 242 765 tavasdes
279 725 496 765 interfeehls
535 725 598 765 est.
639 726 854 776 Triumpho
897 730 1072 777 peracto,
1110 741 1199 769 cum
1233 732 1350 772 etiam

71 786 226 841 epulum
267 785 412 836 populo
448 785 709 825 Alexandrino
743 786 923 833 dedisset,
949 789 989 826 in
1029 790 1217 828 concione
1250 793 1351 831 Grae-

65 859 220 894 corum,
241 846 400 886 assumta
421 847 460 885 in
480 855 701 897 argenteum
716 847 885 887 tribunal
901 849 1125 900 Cleopatra,
1146 850 1346 902 liberisque

68 911 175 958 ejus,
205 909 425 958 hujusmodi
451 909 664 948 orationem
699 909 843 949 habuit.

120 969 260 1009 XLIII.
290 971 332 1008 Si·
363 970 495 1007 nullum
519 971 635 1008 adhuc
666 970 776 1007 animi
802 972 867 1007 mei
883 970 1080 1024 judiciique
1109 975 1347 1013 documentum

63 1031 291 1083 habuzffetis‚
314 1031 585 1078 Alexandrini,
612 1030 808 1083 proximum
834 1044 918 1069 certe
939 1033 1167 1084 speciaculum
1190 1037 1280 1073 duni
1308 1037 1348 1075 itz

66 1097 158 1134 hanc
181 1095 292 1132 urbem
317 1093 481 1145 triumphi
505 1092 658 1146 sufficere
692 1092 793 1128 vobis
819 1093 990 1143 potufft.
1026 1096 1149 1133 Decus
1171 1098 1258 1135 enim
1288 1109 1351 1136 at-

64 1166 128 1205 que
153 1152 334 1197 lentitiam,
359 1151 421 1187 uni
454 1149 620 1186 haetenus
648 1151 779 1202 populo
810 1151 973 1188 Romano
1000 1153 1153 1198 exhiberi
1176 1155 1352 1206 βῖἰῐανη,Ἴ

66 1215 116 1252 ad
140 1226 205 1249 vos
231 1211 411 1263 transferri
430 1211 592 1261 beneficio
617 1224 687 1248 meo
720 1211 866 1262 vidistis.
904 1212 1085 1264 Deinceps
1104 1214 1213 1266 igitur·
1229 1214 1349 1252 Alex-

65 1275 192 1314 andria
227 1287 382 1325 quoque,
414 1285 579 1325 tanquam
611 1272 722 1310 altera
765 1275 902 1321 Roma,
941 1274 1191 1327 triumphantes
1232 1277 1348 1329 impe-

65 1347 198 1374 ratores
221 1334 393 1387 accipiet,
418 1335 577 1385 capcivos
603 1334 737 1371 videbit
764 1349 878 1388 reges,
902 1347 1078 1374 tantarum
1105 1351 1212 1374 rerum
1243 1339 1348 1376 volu.

62 1407 184 1448 ptate,
206 1396 391 1434 commodis
406 1424 418 1443 ,
442 1395 556 1447 gloria
585 1396 810 1435 decorabitur.
835 1399 957 1449 Neque
978 1413 1056 1437 vero
1082 1413 1131 1436 me
1148 1398 1347 1451 feciffepoen

66 1458 176 1505 nitet,
208 1469 269 1497 aut
295 1456 433 1509 aliquid
452 1472 475 1495 a
496 1470 546 1494 me
577 1456 782 1509 commifficm
819 1459 987 1508 arbitror,
1013 1462 1108 1511 quod
1125 1459 1207 1511 jure
1228 1474 1347 1512 repre-

66 1519 168 1558 hendi
202 1519 334 1558 debeat.

134 1581 269 1622 XLIV.
300 1582 379 1619 Nec
407 1578 496 1618 enim
520 1579 579 1616 vel
607 1579 796 1617 conditoris
820 1579 980 1628 nomine,
1011 1581 1070 1618 vel
1086 1582 1350 1634 magnificentia

67 1643 214 1697 oppidi,
236 1643 299 1680 hoc
334 1643 460 1680 honore
486 1641 633 1692 indigna
661 1642 705 1693 cst
727 1641 953 1680 Alexandria
961 1658 977 1690 ,·
1003 1641 1061 1692 δ’,
1081 1646 1175 1695 quod
1194 1644 1347 1681 omnium

63 1706 212 1760 primum
250 1706 295 1757 est
313 1734 325 1752 ,
359 1705 482 1756 reginae
528 1704 643 1742 merito
682 1704 742 1741 vel
776 1702 995 1755 anteferenda
1035 1705 1207 1744 omnibus.
1256 1706 1348 1744 Haec

67 1769 183 1814 enim,
214 1768 280 1805 hac
311 1778 387 1804 orta
421 1767 543 1813 domo,
566 1778 672 1817 penes
703 1778 805 1815 quam
828 1777 892 1815 per
921 1776 1084 1801 trecentos
1101 1764 1176 1816 fere
1206 1779 1347 1811 annos,

68 1829 237 1882 nusquam
256 1828 447 1879 interrupta
462 1827 552 1879 serie
565 1855 579 1872 ,
602 1826 744 1877 regimen
770 1826 816 1862 rei
841 1826 1031 1877 AEgyptiae
1043 1824 1145 1877 sitit,
1175 1840 1248 1863 cum
1269 1827 1349 1863 ani.

69 1891 116 1929 mi
146 1889 408 1942 magnitudine,
432 1887 643 1939 prudentia,
675 1885 840 1936 industria
867 1884 963 1921 nullo
991 1885 1158 1936 majorum
1182 1885 1354 1936 inferior‚'

65 1951 321 2006 pulchritudine
342 1963 422 1988 vero
445 1963 487 1987 ac
511 1949 681 2000 venustate
695 1945 850 1997 feminas
874 1960 988 1984 omnes
1005 1947 1237 1999 supergrffz‚
1256 1962 1350 1985 com-

63 2015 173 2067 plura
199 2013 364 2051 virtutum
389 2012 532 2064 suarum
551 2009 742 2061 specimina
767 2008 946 2060 cdidiffet3
967 2009 1030 2046 lzoc
1053 2008 1145 2046 inter
1172 2010 1247 2046 alia
1270 2024 1351 2047 ma-

69 2075 202 2113 ximam
235 2074 383 2112 omnium
408 2084 511 2123 atque
533 2071 739 2123 palmarium
769 2084 856 2122 opus
884 2070 1026 2121 confecit
1041 2099 1052 2117 ‚
1077 2082 1115 2107 ut
1145 2071 1349 2123 AEgyptum

76 2136 217 2189 imperio
244 2137 405 2173 Romano
435 2132 663 2184 indiffolubili
686 2131 855 2184 societate
888 2133 1103 2170 connecteret.

129 2197 247 2236 XLV.
277 2198 396 2248 Atque
415 2196 518 2233 etiam
541 2195 724 2233 conatibus
751 2193 824 2245 ejus
848 2206 950 2245 atque
974 2194 1124 2244 consiliis
1144 2193 1215 2232 Dii
1243 2192 1353 2245 affice-

74 2270 187 2297 runt:
217 2258 293 2309 nist
309 2257 403 2307 sorte
439 2257 592 2294 humana
633 2256 799 2307 industria
833 2268 967 2293 tantam
995 2256 1119 2308 parari
1144 2255 1352 2307 felicitatem

70 2317 282 2374 putavistis,
306 2328 344 2353 ut
362 2317 496 2354 duobus
521 2316 696 2355 Romanis
719 2316 1001 2368 imperatoribus,
1027 2318 1062 2356 C.
1083 2316 1207 2367 Caeficri
1227 2317 1353 2368 prius,

121 2433 145 2477 §
169 2434 275 2467 XLH.
302 2432 438 2475 joseph.
464 2432 546 2464 Dio.
569 2433 678 2466 ὃτι-τὼ.
698 2434 722 2469 l.
753 2444 806 2467 11·
824 2432 934 2469 Tacit,

143 2491 192 2535 T.
227 2491 322 2536 Liv.
360 2492 457 2535 Vol.
488 2489 606 2536 XII,
1121 2486 1153 2534 F
