1617 2963
240 130 272 180 s
348 92 460 179 w10.
497 92 1008 179 FREINSHEMH
1043 127 1403 179 SUPPLEM5

300 239 385 279 XV.
422 239 496 279 Sed
524 238 679 276 interim
706 235 992 285 Demochares,
1020 235 1234 276 Messanam
1269 238 1458 285 reversus,
1490 237 1532 278 in

243 298 375 340 locum
402 300 629 341 Menecratis
661 299 930 352 praefecluram
956 298 1080 338 claffis
1113 301 1291 349 accepit,
1323 300 1532 351 collegam-

242 374 317 411 que
343 361 649 412 Apollophanem
666 391 678 409 ,
706 360 771 410 qui
797 360 932 399 itidem
957 360 1134 410 Pompeji
1163 359 1322 400 libertus
1353 370 1443 401 erat.
1481 362 1529 401 Et

244 423 388 470 Caesar,
418 423 580 470 auditis,
608 435 691 473 quae
719 422 767 461 ad
782 422 924 462 Cumas
951 430 1061 461 erant
1081 424 1188 470 acta,
1217 436 1284 473 per
1299 423 1440 462 fretum
1463 436 1532 463 na-

241 485 418 535 vigabat,
448 492 491 522 ut
518 483 722 524 Calvisium
751 484 1030 533 conjungeret:
1062 484 1219 533 jamque
1247 483 1396 535 Stylida
1429 497 1532 534 prae-

242 547 432 585 tervectus
457 545 660 596 Scyllaeum
692 544 894 593 flectebat,
926 545 1233 595 promontorium
1260 544 1407 593 Italiae3
1434 558 1526 584 cum

241 622 264 648 a
291 608 458 648 Messana
483 609 686 658 Pompejus
712 620 942 657 excurrens,
962 608 1439 658 aggrediend0·pr0ximas
1463 621 1530 647 na-

242 683 334 718 ves,
364 671 602 723 insequendo
630 671 839 722 progressas
857 701 868 720 ,
909 669 1129 709 universam'
1148 669 1303 710 claffem
1348 671 1531 711 attinuit:

240 746 368 784 neque
396 742 526 772 tamen
552 733 601 772 ad
629 733 841 783 praetoriam
867 726 1003 772 ceterae
1033 732 1070 772 se
1099 740 1350 783 receperunt,
1382 746 1461 772 non
1488 732 1533 773 fi-

242 800 370 834 nent&
384 793 551 841 Caesare,
583 793 658 833 sive
697 802 853 845 propter
886 794 1098 844 angustiam
1131 793 1333 843 locorum,
1367 794 1442 833 sive
1470 792 1534 831 se-

242 859 417 900 cundum
445 856 547 906 prius
575 856 773 895 decretum
803 856 947 895 vitante
974 868 1156 907 pugnam.
1200 858 1247 896 At
1271 856 1535 896 Demochares

244 935 335 962 cum
363 918 650 970 Apollophane,
681 919 780 958 binis
803 917 964 959 navibus
993 918 1149 969 aggressi
1180 917 1371 970 singulas,
1401 927 1534 956 tamen

242 983 350 1023 haud
383 981 546 1020 multum
580 980 858 1030 proficiebant3
901 980 1232 1031 propugnantibus
1258 993 1279 1019 e
1316 987 1448 1018 contra
1472 978 1534 1016 le-

245 1045 457 1097 gionariis,
494 1045 527 1082 &
563 1043 830 1092 magnitudine
863 1041 1128 1091 rostratarum,
1163 1054 1246 1093 quae
1274 1054 1294 1080 a
1321 1039 1534 1080 minoribus

244 1109 310 1149 vix
332 1117 417 1147 tuto
448 1106 743 1160 impetebantur.

300 1170 406 1211 XVI.
427 1169 502 1209 Sed
527 1168 594 1207 ubi
620 1167 847 1218 Pompejani
866 1197 877 1215 ,
909 1167 1072 1217 receptis
1100 1165 1200 1206 feffis
1228 1173 1344 1217 atque
1371 1164 1533 1213 sauciis,

242 1233 405 1273 subinde
430 1232 469 1269 in
495 1243 662 1280 pugnam
684 1229 924 1268 reducebant
947 1231 1137 1279 integros,
1157 1241 1282 1279 neque
1308 1227 1431 1267 rostris
1453 1235 1534 1266 tan-

244 1304 330 1334 tum
348 1325 358 1342 ,
386 1293 450 1332 sed
480 1293 596 1331 etiam
623 1290 759 1340 jaculis
790 1291 919 1342 ignitis
945 1291 1176 1339 saeviebantz,
1204 1291 1330 1341 urgeri
1360 1289 1536 1329 Caesaria..

242 1359 314 1406 ni,
343 1356 525 1408 pulsaque
552 1355 601 1394 ad
622 1353 708 1392 litus
734 1354 886 1405 navigia
907 1385 919 1402 ,
946 1353 1118 1393 hostibus
1140 1353 1368 1392 instantibus
1384 1383 1396 1400 ,
1432 1353 1532 1391 inter

242 1421 307 1468 se,
335 1428 400 1459 aut
426 1419 473 1457 ad
504 1417 589 1456 saxa
616 1416 779 1466 collidi,
812 1419 1083 1468 geminumque
1116 1418 1229 1469 plane
1257 1418 1434 1458 Cumano
1469 1429 1537 1456 nc·

245 1483 395 1534 gotium
422 1479 507 1518 effe.
533 1479 591 1519 lbi
613 1479 758 1528 Caesar,
782 1480 1024 1519 exscensione
1045 1481 1169 1528 facita,
1195 1479 1439 1519 succurrebat
1467 1490 1533 1529 pe-

245 1543 522 1589 riclitantibuS,
559 1541 746 1580 adnantes
773 1540 1006 1591 suscipiens,
1039 1541 1308 1591 deducetisque
1330 1542 1371 1579 in
1394 1540 1535 1578 editio-

245 1620 296 1647 ra.
336 1605 411 1645 Sed
437 1602 661 1644 Cornificius
696 1603 894 1653 ceterique
934 1603 1075 1650 duces,
1107 1602 1300 1641 cohortati
1334 1602 1531 1645 invicem,

245 1666 386 1717 injuffu
407 1664 670 1716 imperatoris,
698 1664 868 1714 abruptis
898 1664 1166 1712 ancoralibus,
1194 1666 1233 1703 in
1264 1663 1384 1704 altum
1413 1662 1537 1702 evecti

244 1730 360 1776 sunt,
394 1734 437 1767 ut
467 1727 594 1776 potius
623 1725 697 1764 aufi
732 1724 878 1774 aliquid
915 1726 1107 1775 perirent,
1143 1739 1260 1775 quam
1300 1724 1469 1764 hostibus
1496 1724 1535 1764 se

249 1789 482 1831 obterendos
519 1788 654 1827 darent
687 1786 920 1826 immobiles.
956 1788 1040 1827 Nec
1074 1786 1174 1826 male
1214 1786 1319 1825 ceffit
1347 1786 1534 1834 audacia,

248 1851 544 1904 praetoriamque
578 1848 830 1888 Democharis
859 1849 1087 1888 Cornificius
1122 1849 1250 1898 cepit,
1282 1850 1462 1900 praefecto
1493 1849 1535 1887 in

249 1915 364 1954 aliam
402 1925 539 1952 navem
574 1911 815 1950 tranfiliente.
864 1913 1019 1951 interim
1059 1913 1094 1951 &
1127 1924 1204 1950 nox
1243 1912 1534 1962 appropinqua-

249 1976 344 2022 bat,
383 1976 419 2013 &z
453 1986 543 2011 cum
582 1971 741 2012 Calvisio
773 1975 809 2012 ἃ
841 1973 1059 2011 Menodoro
1091 1972 1245 2012 Caesaris
1277 1971 1350 2011 alia
1385 1971 1532 2011 classis:
1558 1991 1559 1995 =

251 2049 327 2088 qua
354 2034 553 2084 conspeeta
569 2065 580 2080 ‚
603 2034 827 2084 Pompejani
859 2033 1123 2081 discefferunt‚
1147 2033 1252 2083 isque
1273 2033 1379 2071 casus
1405 2031 1534 2070 serva-
1557 2051 1561 2055 -

250 2100 309 2138 vit
334 2096 493 2147 reliquas
517 2095 670 2136 Caesaris
689 2109 826 2144 naves,
859 2109 907 2135 ne
931 2095 1080 2147 prorsus
1109 2108 1244 2135 omnes
1273 2094 1534 2135 abstraheren-

246 2169 309 2199 tur
335 2158 381 2198 ab
411 2157 603 2203 hostibus,
631 2167 695 2198 aut
714 2157 878 2197 immisso
900 2157 987 2208 igne
1011 2158 1276 2206 deflagrarent.

307 2222 433 2262 XVII.
458 2222 511 2262 Ea
540 2222 653 2260 noete
676 2220 868 2270 plerique,
893 2219 1035 2258 relictis
1060 2218 1296 2265 navibus,in
1318 2225 1468 2257 montes
1492 2216 1531 2258 se

250 2290 505 2335 receperunt,
535 2282 698 2321 accensis
738 2281 888 2331 ignibus
917 2280 1109 2318 ffwwnznn
1141 2278 1405 2329 significantes,
1446 2277 1530 2328 Ipse

251 2347 371 2388 Caesar
393 2347 490 2385 inter
514 2356 641 2383 rerum
668 2346 841 2384 omnium
870 2357 1010 2395 egenos
1033 2341 1383 2391 circumcursrtans,
1403 2343 1527 2381 durare

288 2463 312 2510 S
336 2464 428 2499 XVI.
449 2463 596 2510 Appian.
622 2461 705 2498 Dio.
