1617 2963
366 172 1023 221 FRAGMENTA.
1242 190 1340 240 309-

56 282 168 329 serat
201 280 340 336 urbe,
368 297 452 343 pro
478 296 604 326 certo
628 280 797 326 habens
816 314 827 330 ,
854 279 898 325 id
922 281 1049 343 quod
1083 295 1205 339 erat,
1240 299 1343 329 non*

52 355 193 418 magis
225 355 432 403 Antonio
463 353 577 417 eripi
603 353 644 400 se
667 388 681 409 ,
704 370 834 416 quam
867 355 1030 401 Caesari
1057 356 1251 402 Caffium
1285 357 1338 404 δε

53 433 273 489 Brutum,
294 430 433 494 poffe.
464 430 615 477 Primo
638 428 685 474 in
715 428 1018 476 Tusculanum
1052 429 1197 492 fugit:
1230 429 1337 476 inde

51 503 310 550 transversis
339 503 572 550 itineribus
603 502 650 548 in
674 501 962 548 Formianum
980 537 992 557 ‚
1016 515 1064 548 ut
1095 503 1149 548 ab
1179 500 1337 561 Caieta

51 574 207 622 navim
238 574 559 624 conscensurus
575 609 588 631 ,
609 572 924 635 proficiscitur.
944 575 1075 620 Unde
1096 574 1338 636 aliquoties

53 646 103 693 in
136 648 273 694 altum
305 647 568 710 provefium
602 663 703 693 cum
737 646 878 691 modo
901 646 1025 693 venti
1061 646 1232 692 adversi
1269 662 1336 691 re-

51 720 249 767 tuliffent
267 756 281 777 ,
312 720 452 766 modo
483 718 572 781 ipse
592 717 877 780 jassationem
905 719 1032 764 navis
1051 753 1063 774 ‚
1085 734 1207 764 caeco
1230 718 1338 765 vol-⁴

50 804 189 838 vente
213 791 350 839 flufitu
366 827 378 849 ‚
399 792 489 854 pati
516 809 608 838 non
631 790 798 854 poffet,
816 790 996 837 taedium
1027 790 1205 835 tandem
1227 807 1330 837 eum

48 865 100 912 &
127 863 244 929 fugae
270 866 319 913 &
351 865 458 912 vitae
484 863 614 927 cepit.
656 862 958 926 regressusque
979 863 1032 909 ad
1056 861 1335 924 superiorem

48 937 207 984 villam
223 974 236 996 ‚
257 955 358 1002 quae
388 938 523 1000 paulo
547 938 645 1000 plus
672 936 794 982 mille
815 936 1002 997 pastibus
1020 952 1043 981 a
1062 934 1171 981 mari
1188 935 1336 994 abest&¹

49 1015 239 1070 Moriar,
263 1010 438 1073 inquit,
458 1015 503 1057 in
515 1012 777 1072 patriasoepe
793 1011 979 1069 servata.
1002 1007 1115 1055 Satis
1133 1007 1330 1064 constat,

51 1085 208 1132 servos
236 1084 417 1132 fortiter
447 1083 728 1147 fideliterque
759 1096 937 1146 paratos
964 1081 1088 1128 fuisse
1117 1083 1171 1128 ad
1197 1082 1332 1128 <limi-

51 1162 242 1207 candum
266 1178 278 1207 z
305 1159 451 1223 ipsum
477 1159 645 1222 deponi
675 1158 872 1205 lefficam
891 1193 903 1212 ,
925 1159 973 1204 &
1004 1156 1182 1219 quietos
1208 1155 1298 1219 pati
1320 1192 1335 1211 9

51 1234 180 1295 quod
206 1232 299 1279 sors
324 1233 479 1296 iniqua
510 1243 691 1296 cogeret
711 1268 723 1288 ,
758 1230 930 1291 jussisse,
963 1230 1242 1277 Prominenti
1272 1236 1333 1277 ex

47 1306 219 1365 leffica,
235 1306 540 1369 praebentique
555 1306 784 1352 immotam
805 1303 1050 1361 cervicem,
1067 1318 1198 1365 caput
1220 1320 1332 1364 prae-

49 1379 188 1426 cisum
213 1380 287 1426 est.
313 1381 410 1427 Nec
431 1378 532 1426 satis
553 1378 722 1425 stolidae
750 1376 1001 1424 crudelitati
1021 1377 1210 1422 militum
1233 1376 1333 1423 fuit.

49 1470 205 1499 manus
225 1469 407 1516 quoque
429 1488 442 1509 ‚
477 1451 688 1514 scripfifl'e
708 1450 753 1497 in
785 1451 1037 1497 Antonium
1059 1450 1228 1513 aliquid
1246 1467 1330 1496 ex·-

48 1526 312 1586 probrantes
329 1560 343 1580 ,
364 1524 677 1586 praeciderunt.
708 1524 772 1568 Ita
792 1521 976 1567 relatum
1007 1535 1140 1583 caput
1163 1522 1216 1566 ad
1234 1528 1330 1567 An·-

48 1595 254 1652 tonium,
283 1594 486 1657 juffuque
522 1593 614 1656 ejus
642 1594 758 1639 inter
783 1587 890 1639 duas
920 1609 1076 1638 manus
1107 1593 1152 1639 in
1177 1592 1330 1639 rostris

48 1668 241 1730 positum
259 1702 271 1725 ‚
292 1667 369 1714 ubi
401 1668 474 1714 ille
505 1666 686 1725 consul,
710 1667 788 1712 ubi
810 1667 920 1728 saepe
954 1665 1198 1713 consularis
1214 1702 1226 1721 ‚
1249 1665 1328 1712 ubi

47 1759 104 1791 eo
134 1741 231 1804 ipso
265 1759 386 1789 anno
422 1741 638 1788 adversus
675 1740 959 1797 Antonium,
999 1753 1163 1802 quanta
1202 1739 1325 1786 nulia

48 1833 243 1878 unquam
279 1816 471 1861 humana
501 1831 596 1861 vox
636 1832 735 1861 cum
766 1812 1058 1859 admiratione
1099 1814 1324 1875 eloquen—

48 1888 145 1945 fiae,
169 1888 341 1935 auditus
368 1887 524 1934 fuerat,
555 1887 644 1932 Vix
670 1887 924 1933 attollentes
955 1885 1146 1932 lacrimis
1165 1886 1331 1932 oculos-

47 1961 287 2020 homines,
316 1961 484 2009 intueri
511 1960 732 2008 trucidata
762 1958 959 2005 membra
987 1957 1080 2022 ejus
1100 1971 1340 2022 poteratur

563 2111 737 2154 Ibidem.

112 2225 242 2272 Vixit
267 2237 354 2274 tres
371 2229 420 2275 &
444 2226 666 2291 sexaginta
692 2242 834 2277 annos
860 2244 879 2273 τ.
900 2237 949 2271 ut
968 2261 982 2283 ‚
1010 2225 1043 2272 fi
1072 2224 1141 2272 vis
1159 2224 1326 2271 abfuis-

49 2299 137 2357 set,
158 2317 213 2346 ne
233 2299 464 2347 immatura
490 2301 670 2364 quidem
699 2317 822 2347 mors
851 2298 998 2345 videri
1022 2299 1167 2361 poffit.
1200 2300 1325 2362 Inge-

47 2373 171 2418 nium
203 2375 252 2421 &
284 2373 526 2435 operibus,
563 2375 612 2420 &
636 2372 829 2435 praemiis
856 2389 1044 2434 operum
1076 2371 1199 2417 felix.
1231 2370 1327 2432 lpse

51 2446 246 2495 sortunae
271 2448 347 2495 diu
379 2448 606 2513 prosperae
625 2483 639 2506 ,
672 2449 720 2494 &
747 2446 797 2493 in
817 2447 959 2510 longo
990 2458 1149 2492 tenore
1182 2443 1330 2495 felic}-

1017 2521 1059 2562 V
1087 2538 1107 2581 3
