1617 2963
232 221 353 273 '252
420 209 520 257 JO.
556 204 1066 254 FREINSHEMH
1103 203 1452 254 8ΠΡΡ1..ΕΜ.1

261 316 367 366 plebi
393 316 565 360 daretur,
605 311 742 351 additis
781 311 878 350 binis
911 309 1133 359 littoribus,
1163 311 1430 362 servorumque
1462 325 1532 362 pu-

261 375 474 421 blicorum,
502 376 536 412 &
559 373 764 412 scribarum
788 384 833 411 ac
856 371 1091 411 librariorum
1107 403 1118 419 ‚
1149 372 1471 422 accensorumque
1500 375 1535 412 ἃ.

259 447 480 485 praeconum
512 434 734 473 ministeriis.
774 433 840 473 Per
869 433 938 472 hos
975 433 1070 483 saepe
1103 433 1311 481 leviffimo,
1340 434 1535 472 interdurn

260 495 368 535 nullo
395 496 542 546 pretio,
568 497 755 535 menstrua
781 495 898 534 fiebat
915 495 1182 542 frumentatio,
1207 504 1250 534 ut
1276 497 1315 534 in
1337 495 1468 533 orbem
1486 494 1538 533 ad

263 568 398 594 omnes
436 555 518 594 haec
547 568 635 595 cura
660 556 809 596 rediret.
857 556 957 595 Nam
989 554 1198 604 Augustus,
1225 566 1321 593 curnv
1335 566 1390 593 ter
1417 557 1458 594 in
1473 567 1537 593 an-

260 627 358 654 num
391 618 619 665 quaternum
657 616 841 656 mensium
876 615 1023 654 tesseras
1060 615 1149 653 dare
1184 614 1460 662 constituisset,
1489 627 1538 652 ne

262 675 498 726 frequentius
535 692 555 716 a
590 679 753 728 negotiis
786 677 959 716 homines
988 685 1264 723 avocarentur,
1299 676 1404 725 plebi
1432 684 1536 713 vete-

263 749 346 776 rem
363 738 677 778 consuetudinem
696 739 911 780 difideranti
938 737 1103 777 cesserat.
1128 738 1211 777 Alia
1236 750 1388 787 quoque
1409 737 1477 775 sub
1495 736 1536 775 id

264 807 420 850 tempus
447 801 672 840 constituta:
709 813 757 839 ne
778 799 861 849 plus
883 812 959 837 uno
982 799 1159 837 feriarum
1185 799 1405 838 Latinarum
1430 796 1540 835 causa

265 862 470 911 quotannis
502 863 697 912 praefeerus
728 863 834 901 urbis
861 860 991 900 fieret:
1018 859 1194 910 Sibyllini
1221 861 1328 909 libri,
1355 860 1540 899 vetustate

264 923 522 964 exolescentes
539 956 550 971 ,
567 926 612 964 ab
632 923 892 964 sacerdotibus
918 922 1239 970 describerentur,
1257 936 1305 962 ne
1331 923 1416 973 quis
1441 923 1543 961 alius·

266 998 332 1025 eos
359 986 572 1037 inspiceret.

330 1048 466 1088 XLIV.
494 1050 668 1088 Honores
694 1056 821 1097 petere
850 1047 1018 1098 permifit
1054 1045 1261 1093 omnibus,
1293 1046 1359 1095 qui
1393 1044 1545 1095 legibus

264 1124 347 1151 non
368 1111 679 1162 prohiberentur,
695 1112 956 1162 haberentque
980 1110 1208 1149 senatorium
1225 1107 1400 1155 censum,
1426 1120 1544 1157 quem

265 1173 370 1223 prius
394 1174 681 1224 quadringentis
715 1172 887 1212 sestertiis
925 1171 1143 1218 definierat,
1183 1170 1323 1210 deinde
1357 1171 1463 1209 auxit
1492 1169 1543 1208 ad

264 1232 474 1273 sestertium
512 1235 664 1274 decies:
705 1236 741 1274 &
782 1244 947 1283 utroque
981 1244 1156 1283 tempore
1189 1231 1444 1282 pauperibus,
1474 1230 1543 1270 sed

265 1293 434 1334 honestis
451 1296 563 1343 viris,
586 1297 689 1346 quod
712 1308 758 1334 eo
784 1295 909 1334 minus
934 1293 1150 1341 habebant,
1174 1294 1277 1332 dono
1301 1294 1418 1332 dedit.
1440 1293 1543 1332 Prae-

268 1356 418 1395 toribus
438 1357 620 1406 indulsit,
644 1365 686 1396 ut
709 1358 747 1395 in
765 1355 876 1396 ludos
902 1356 1060 1407 triplum
1081 1358 1185 1405 ejus,
1214 1356 1318 1405 quod
1340 1369 1360 1394 a
1385 1355 1548 1405 publicov

265 1416 529 1466 praebebatur,
559 1417 747 1456 insumere
777 1417 907 1456 liceret
930 1416 1160 1456 volentibus.
1198 1417 1266 1456 His
1289 1428 1334 1454 ac
1357 1415 1541 1454 similibus

267 1478 428 1528 gratiam
452 1480 553 1530 apud
574 1479 644 1519 hos
670 1481 788 1519 etiam
813 1480 920 1529 iniit,
944 1492 1037 1529 quos
1057 1479 1226 1530 priorum
1250 1478 1391 1528 aliquot
1415 1479 1544 1529 legum

267 1537 443 1578 :severitas
469 1539 670 1580 alienabat.
712 1540 758 1580 In
787 1540 988 1591 provinciis
1010 1553 1160 1590 quoque
1194 1553 1250 1579 res
1274 1540 1435 1579 feliciter
1460 1552 1545 1589 pro-

205 1602 209 1605 '
269 1602 487 1651 cedebant3
523 1605 558 1643 ἃ
583 1604 818 1651 Germanos,
848 1603 1007 1642 Melone
1038 1604 1207 1653 quodam
1229 1603 1350 1648 duce,
1379 1602 1419 1640 in
1438 1614 1548 1640 arma

270 1663 397 1703 versos
427 1666 485 1705 M.
523 1665 665 1706 Lollius
706 1664 890 1715 superasse
927 1665 1179 1704 nuntiabatur.
1225 1665 1361 1713 Neque
1397 1664 1543 1701 minore

275 1727 449 1766 omnium
465 1727 595 1768 laetitvia
620 1736 848 1777 exceptum,
865 1727 1165 1778 quodPyladem
1189 1726 1467 1776 pantomimum
1490 1737 1548 1763 re-

275 1789 447 1837 vocavit3
474 1801 589 1838 quem
625 1796 781 1838 propter
810 1786 1086 1838 spthatorem‚
1110 1800 1131 1826 a
1155 1799 1235 1837 quo
1258 1784 1544 1832 exsibilabatur,

274 1849 394 1899 digito
432 1851 732 1889 demonstratum
767 1851 981 1890 fautoribus
1016 1849 1116 1897 suis,
1158 1848 1250 1887 urbe
1287 1856 1400 1897 atque
1437 1846 1550 1887 Italia

276 1909 531 1951 submoverat.

328 1973 446 2013 XLV.
471 1974 594 2024 Atque
621 1972 686 2012 ille
719 1973 911 2024 castiganti
936 1985 1024 2011 eum
1055 1970 1209 2018 Caesari,
1233 1972 1344 2022 quod,
1376 1984 1449 2007 cum
1474 1971 1548 2008 Ba„

273 2033 391 2084 lhyllo
412 2036 621 2072 Maecenatis
639 2033 818 2085 familiari
854 2034 1083 2079 contendens,
1104 2032 1297 2086 sediciones
1333 2033 1439 2083 vulgo
1464 2046 1546 2070 con..

277 2096 421 2143 citaret,
460 2095 716 2146 profundioris
753 2095 961 2146 prudentiae
992 2094 1127 2142 didro,
1162 2107 1274 2144 quam
1298 2093 1345 2132 ab
1374 2092 1449 2131 hoc
1483 2106 1547 2132 exa

277 2156 526 2207 spec'mretur,
552 2156 765 2208 respondit:
795 2157 909 2208 Atqui
935 2157 1072 2209 expedit
1097 2157 1161 2194 tibi
1176 2187 1187 2203 ‚
1210 2157 1344 2209 Caesar,
1369 2156 1459 2194 circa
1479 2169 1545 2192 nos

279 2230 479 2271 occupatum
496 2219 660 2272 populum
683 2220 814 2258 habere.
848 2218 951 2258 Dum
982 2218 1047 2257 ista
1074 2218 1208 2257 Romae
1239 2224 1440 2272 geruntur,
1472 2216 1549 2256 He·-

280 2280 392 2318 rodes
412 2278 860 2329 ternplumrdemolitus,
886 2280 1029 2328 majore
1055 2277 1175 2328 spatio
1204 2286 1317 2327 atque
1346 2275 1470 2327 specie
1488 2279 1549 2315 in-

281 2340 441 2380 staurare
470 2340 628 2391 incipit,
657 2341 760 2391 quod
791 2353 887 2391 opus
915 2341 979 2380 vix
1005 2339 1135 2379 multis
1158 2338 1248 2378 inde
1277 2337 1384 2376 annis
1415 2336 1555 2387 perfic't⁴

328 2458 350 2500 §
365 2457 485 2492 XLIII.
503 2458 651 2492 Macrob.
663 2459 858 2492 Saturnal.2
871 2485 879 2497 ,
902 2469 931 2497 5.
958 2459 1097 2491 Sueton.
1112 2456 1146 2488 in
1163 2456 1247 2501 Aug.
1260 2468 1289 2490 c.
1310 2465 1364 2500 34.
1381 2454 1403 2499 5
1417 2453 1551 2491 ΧΣᾎΠΪ..ι

284 2503 423 2545 Sueton.
444 2504 478 2536 in
499 2503 585 2548 Aug.
603 2515 633 2537 c.
653 2514 692 2543 4¹
720 2503 755 2539 δε
775 2514 832 2544 45.
862 2503 943 2537 Dio,
963 2502 1069 2536 strab.
1097 2499 1227 2546 Euseb-v
