1617 2963
1227 164 1288 207 25

82 320 510 383 JOANNIS
568 320 1232 379 FREINSHEMII

18 468 1304 552 SUPPLEMENTORUM

193 638 1158 712 LIVIANORUM-

362 802 398 847 L
431 801 450 846 I
482 801 516 847 B
552 801 588 846 E
622 799 665 845 R
749 798 975 846 XCIV.

152 930 225 973 IN
259 927 503 971 LOCUM
540 928 658 969 LIB.
705 926 884 969 CXXIX
922 926 1210 968 LIVIANL

356 1159 400 1214 E
447 1157 489 1213 P
539 1156 561 1211 I
609 1156 659 1211 T
712 1154 768 1213 O
820 1155 882 1211 M
935 1155 979 1210 E

103 1287 286 1330 LIBRI
319 1285 688 1329 CENTEsmu
716 1282 1031 1325 VICESIMI
1059 1281 1240 1324 Nom.

26 1406 212 1458 Adversus
233 1407 317 1444 Sex.
331 1403 533 1457 Pompejum
547 1402 649 1441 vario
672 1414 796 1440 eventa
818 1401 1011 1439 navalibus
1026 1400 1312 1453 proeliispugna.

83 1482 155 1508 tum
178 1470 244 1520 est:
258 1467 309 1506 ita
330 1479 368 1505 ut
389 1482 434 1505 ex
457 1466 593 1504 duabus
619 1464 740 1516 Caesa
714 1478 762 1501 τις
775 1462 935 1513 claffibus
953 1463 1082 1510 altera,
1109 1465 1165 1501 cui
1181 1463 1315 1515 Agfip·

76 1546 130 1584 pa
147 1542 318 1582 praeerat,
343 1529 521 1576 vinceret;
546 1528 677 1575 altera,
702 1540 804 1578 quam
833 1525 945 1577 Caesar
967 1526 1139 1572 duxerat,
1175 1526 1312 1574 deleta,

39 1592 230 1645 expos
190 1604 231 1630 tl
263 1592 301 1629 in
325 1602 446 1629 terram
480 1589 607 1626 milites
639 1589 676 1625 in
703 1601 828 1640 magno
862 1586 1015 1639 periculo
1044 1585 1157 1638 eſjknt.
1191 1587 1315 1624 ViHus

81 1654 205 1692 deinde
229 1650 419 1704 Pompejus
450 1651 488 1688 in
517 1649 681 1689 Siciliam
706 1648 876 1702 profugit.
902 1649 960 1689 Μ.
986 1648 1162 1701 Lepidus,
1188 1649 1247 1700 qui
1266 1662 1314 1686 ex

83 1713 216 1766 Afizca
239 1714 336 1751 velut
361 1713 416 1749 ad
437 1711 637 1763 fhrcietatem
665 1710 769 1755 belli,
796 1721 915 1747 contra
949 1710 1033 1748 Sex.
1062 1709 1261 1761 Pompejum
1287 1723 1313 1746 a

86 1778 216 1830 Caesare
241 1775 397 1828 gerendi,
422 1773 623 1826 trajecerat,
650 1786 727 1809 cum
748 1771 871 1809 bellum
898 1770 1024 1820 Caesarz'
1051 1784 1184 1822 quoque
1209 1769 1314 1822 infir-

82 1851 155 1887 ret‚
175 1839 312 1877 selinus
325 1838 370 1876 ab
389 1837 560 1884 exercitu,
585 1836 750 1888 abrogato
775 1834 1015 1872 triumviratus
1034 1833 1178 1880 honore,
1201 1833 1314 1871 vitam

82 1900 294 1952 impetravit.
322 1901 382 1938 M.
407 1898 571 1955 Agrippa
594 1896 722 1934 navali
750 1909 876 1933 corona
892 1909 914 1932 a
934 1896 1063 1948 Caesare
1084 1895 1236 1932 donatus
1249 1894 1314 1947 est:

82 1961 143 2015 qui
162 1961 271 2000 honos
293 1959 493 2000 nulli‘ante
512 1971 587 1998 eum
610 1956 753 1996 habitus
774 1966 857 1995 erat„

31 2136 62 2177 Ι.
87 2085 209 2175 Ex
240 2132 389 2174 diverso
427 2133 632 2184 Po'mpejus
669 2130 743 2171 hac
778 2130 970 2171 felicitate
1002 2144 1082 2170 non
1123 2128 1175 2170 a&
1201 2130 1318 2169 indu-

31 2196 179 2244 striam,
214 2194 279 2234 sed
314 2196 526 2234 vanitatem
557 2196 592 2234 δε
626 2194 791 2244 ineptias
817 2191 1080 2240 excitabatur,
1103 2193 1182 2240 jam
1210 2190 1315 2230 haud

33 2256 313 2299 disfimulanter
338 2259 498 2309 Neptuni
515 2258 622 2308 filius
646 2255 832 2307 appellari
860 2254 1017 2303 volens;
1052 2257 1161 2303 cujus
1190 2253 1315 2305 spreto

30 2321 185 2361 numini
220 2318 364 2370 duplex
396 2320 638 2370 naufragium
673 2318 852 2366 Caesaris,
890 2320 925 2358 &
957 2317 1118 2357 alterum
1161 2316 1318 2366 quidem

31 2395 99 2434 per
124 2382 288 2421 aestatem
311 2380 517 2420 immissum
533 2411 544 2429 ‚
568 2380 798 2431 imputabat.
828 2380 981 2421 Idcirco
1012 2382 1046 2419 ὅ(
1072 2379 1320 2430 paludamem

30 2454 114 2486 *eum
143 2444 270 2485 induit
296 2456 483 2495 cyaneum
519 2456 587 2495 pro
619 2455 838 2495 purpureo,
869 2444 903 2484 ὃς
925 2443 1108 2493 Neptuno
1146 2440 1319 2482 Salaciae.
