<?xml version="1.0" encoding="UTF-8"?>
<!DOCTYPE html PUBLIC "-//W3C//DTD XHTML 1.0 Transitional//EN"
    "http://www.w3.org/TR/xhtml1/DTD/xhtml1-transitional.dtd">
<html xmlns="http://www.w3.org/1999/xhtml" xml:lang="en" lang="en">
 <head>
  <title>
</title>
<meta http-equiv="Content-Type" content="text/html;charset=utf-8" />
  <meta name='ocr-system' content='tesseract 3.04.00' />
  <meta name='ocr-capabilities' content='ocr_page ocr_carea ocr_par ocr_line ocrx_word'/>
</head>
<body>
  <div class='ocr_page' id='page_1' title='image "./historiarumlibri12livyuoft_0114.png"; bbox 0 0 1617 2963; ppageno 0'>
   <div class='ocr_carea' id='block_1_1' title="bbox 238 181 1417 258">
    <p class='ocr_par' dir='ltr' id='par_1_1' title="bbox 238 181 1417 258">
     <span class='ocr_line' id='line_1_1' title="bbox 238 181 1417 258; baseline 0.008 -29"><span class='ocrx_word' id='word_1_1' title='bbox 238 185 332 229; x_wconf 76' lang='lat'><strong>‘106</strong></span> <span class='ocrx_word' id='word_1_2' title='bbox 398 181 488 231; x_wconf 79' lang='lat' dir='ltr'><strong>JO.</strong></span> <span class='ocrx_word' id='word_1_3' title='bbox 522 182 1018 258; x_wconf 82' lang='lat' dir='ltr'>FREINSHEMH</span> <span class='ocrx_word' id='word_1_4' title='bbox 1055 184 1417 239; x_wconf 88' lang='lat' dir='ltr'><strong>SUPPLEM.&#39;</strong></span> 
     </span>
    </p>
   </div>
   <div class='ocr_carea' id='block_1_2' title="bbox 228 289 1517 824">
    <p class='ocr_par' dir='ltr' id='par_1_2' title="bbox 228 289 1517 824">
     <span class='ocr_line' id='line_1_2' title="bbox 237 289 1511 351; baseline 0.009 -25"><span class='ocrx_word' id='word_1_5' title='bbox 237 289 387 341; x_wconf 57' lang='lat' dir='ltr'><strong>neglecta</strong></span> <span class='ocrx_word' id='word_1_6' title='bbox 408 294 639 341; x_wconf 72' lang='lat' dir='ltr'><strong>damnataque</strong></span> <span class='ocrx_word' id='word_1_7' title='bbox 645 289 901 342; x_wconf 70' lang='lat' dir='ltr'><strong>fortiffi‘marum</strong></span> <span class='ocrx_word' id='word_1_8' title='bbox 928 305 1029 346; x_wconf 87' lang='lat' dir='ltr'><strong>atque</strong></span> <span class='ocrx_word' id='word_1_9' title='bbox 1048 293 1317 345; x_wconf 66' lang='lat' dir='ltr'><strong>fideliffimarum</strong></span> <span class='ocrx_word' id='word_1_10' title='bbox 1339 298 1511 351; x_wconf 85' lang='lat' dir='ltr'><strong>legionum</strong></span> 
     </span>
     <span class='ocr_line' id='line_1_3' title="bbox 234 349 1513 412; baseline 0.009 -25"><span class='ocrx_word' id='word_1_11' title='bbox 234 363 363 403; x_wconf 81' lang='lat' dir='ltr'><strong>opera,</strong></span> <span class='ocrx_word' id='word_1_12' title='bbox 402 364 452 389; x_wconf 84' lang='lat' dir='ltr'><strong>tot</strong></span> <span class='ocrx_word' id='word_1_13' title='bbox 482 352 681 404; x_wconf 83' lang='lat' dir='ltr'><strong>pedestrium</strong></span> <span class='ocrx_word' id='word_1_14' title='bbox 710 349 904 405; x_wconf 67' lang='lat' dir='ltr'><strong>praeliorum</strong></span> <span class='ocrx_word' id='word_1_15' title='bbox 940 356 1071 403; x_wconf 63' lang='lat' dir='ltr'><strong>vilior,</strong></span> <span class='ocrx_word' id='word_1_16' title='bbox 1102 358 1138 395; x_wconf 85' lang='lat' dir='ltr'><strong>in</strong></span> <span class='ocrx_word' id='word_1_17' title='bbox 1169 357 1268 409; x_wconf 74' lang='lat' dir='ltr'><strong>claffe</strong></span> <span class='ocrx_word' id='word_1_18' title='bbox 1298 360 1437 412; x_wconf 82' lang='lat' dir='ltr'><strong>fitmmae</strong></span> <span class='ocrx_word' id='word_1_19' title='bbox 1465 361 1513 398; x_wconf 87' lang='lat' dir='ltr'><strong>rei</strong></span> 
     </span>
     <span class='ocr_line' id='line_1_4' title="bbox 228 412 1511 467; baseline 0.009 -22"><span class='ocrx_word' id='word_1_20' title='bbox 228 412 326 462; x_wconf 76' lang='lat' dir='ltr'><strong>spem</strong></span> <span class='ocrx_word' id='word_1_21' title='bbox 354 423 535 463; x_wconf 78' lang='lat' dir='ltr'><em>reponeret.</em></span> <span class='ocrx_word' id='word_1_22' title='bbox 573 412 617 450; x_wconf 85' lang='lat' dir='ltr'><strong>In</strong></span> <span class='ocrx_word' id='word_1_23' title='bbox 645 413 893 452; x_wconf 78' lang='lat' dir='ltr'><strong>Macedoniam</strong></span> <span class='ocrx_word' id='word_1_24' title='bbox 920 415 1026 467; x_wconf 77' lang='lat' dir='ltr'><strong>igitur</strong></span> <span class='ocrx_word' id='word_1_25' title='bbox 1054 431 1096 454; x_wconf 87' lang='lat' dir='ltr'><strong>ac</strong></span> <span class='ocrx_word' id='word_1_26' title='bbox 1134 418 1316 456; x_wconf 78' lang='lat' dir='ltr'><strong>Thraciam</strong></span> <span class='ocrx_word' id='word_1_27' title='bbox 1352 417 1511 467; x_wconf 82' lang='lat' dir='ltr'><strong>jubebat</strong></span> 
     </span>
     <span class='ocr_line' id='line_1_5' title="bbox 236 470 1517 530; baseline 0.008 -21"><span class='ocrx_word' id='word_1_28' title='bbox 236 470 420 523; x_wconf 69' lang='lat' dir='ltr'><strong>transferri</strong></span> <span class='ocrx_word' id='word_1_29' title='bbox 441 472 563 510; x_wconf 88' lang='lat' dir='ltr'><strong>bellum</strong></span> <span class='ocrx_word' id='word_1_30' title='bbox 579 505 590 522; x_wconf 80' lang='lat'>,</span> <span class='ocrx_word' id='word_1_31' title='bbox 618 489 723 527; x_wconf 79' lang='lat' dir='ltr'><strong>regem</strong></span> <span class='ocrx_word' id='word_1_32' title='bbox 744 475 938 524; x_wconf 83' lang='lat' dir='ltr'><strong>Dicomen,</strong></span> <span class='ocrx_word' id='word_1_33' title='bbox 961 477 1117 515; x_wconf 80' lang='lat' dir='ltr'><strong>maxima</strong></span> <span class='ocrx_word' id='word_1_34' title='bbox 1141 478 1327 530; x_wconf 71' lang='lat' dir='ltr'><strong>offerentem</strong></span> <span class='ocrx_word' id='word_1_35' title='bbox 1350 481 1517 519; x_wconf 83' lang='lat' dir='ltr'><strong><em>Getarum</em></strong></span> 
     </span>
     <span class='ocr_line' id='line_1_6' title="bbox 232 533 1513 590; baseline 0.008 -20"><span class='ocrx_word' id='word_1_36' title='bbox 232 533 393 579; x_wconf 81' lang='lat' dir='ltr'><strong>auxilia,</strong></span> <span class='ocrx_word' id='word_1_37' title='bbox 404 534 535 584; x_wconf 77' lang='lat' dir='ltr'><strong>socium</strong></span> <span class='ocrx_word' id='word_1_38' title='bbox 555 535 766 586; x_wconf 71' lang='lat' dir='ltr'><strong>discriminis</strong></span> <span class='ocrx_word' id='word_1_39' title='bbox 791 537 982 576; x_wconf 80' lang='lat' dir='ltr'><strong>habituros.</strong></span> <span class='ocrx_word' id='word_1_40' title='bbox 1012 539 1086 578; x_wconf 85' lang='lat' dir='ltr'><strong>Sed</strong></span> <span class='ocrx_word' id='word_1_41' title='bbox 1115 537 1196 577; x_wconf 84' lang='lat' dir='ltr'><strong>haec</strong></span> <span class='ocrx_word' id='word_1_42' title='bbox 1225 541 1422 590; x_wconf 81' lang='lat' dir='ltr'><strong>repudiata</strong></span> <span class='ocrx_word' id='word_1_43' title='bbox 1440 541 1513 589; x_wconf 85' lang='lat' dir='ltr'><strong>est,</strong></span> 
     </span>
     <span class='ocr_line' id='line_1_7' title="bbox 233 595 1513 654; baseline 0.008 -22"><span class='ocrx_word' id='word_1_44' title='bbox 233 602 278 632; x_wconf 84' lang='lat' dir='ltr'><strong>ut</strong></span> <span class='ocrx_word' id='word_1_45' title='bbox 295 595 559 644; x_wconf 59' lang='lat' dir='ltr'><strong>pmdiximus,</strong></span> <span class='ocrx_word' id='word_1_46' title='bbox 582 596 779 637; x_wconf 85' lang='lat' dir='ltr'><strong>sententia.</strong></span> <span class='ocrx_word' id='word_1_47' title='bbox 809 599 885 638; x_wconf 89' lang='lat' dir='ltr'><strong>Sub</strong></span> <span class='ocrx_word' id='word_1_48' title='bbox 903 599 1003 637; x_wconf 90' lang='lat' dir='ltr'><strong>idem</strong></span> <span class='ocrx_word' id='word_1_49' title='bbox 1037 609 1189 651; x_wconf 86' lang='lat' dir='ltr'><strong>tempus</strong></span> <span class='ocrx_word' id='word_1_50' title='bbox 1216 604 1402 642; x_wconf 88' lang='lat' dir='ltr'><strong>Antonius</strong></span> <span class='ocrx_word' id='word_1_51' title='bbox 1424 617 1513 654; x_wconf 89' lang='lat' dir='ltr'><strong>pro-</strong></span> 
     </span>
     <span class='ocr_line' id='line_1_8' title="bbox 232 657 1515 716; baseline 0.007 -21"><span class='ocrx_word' id='word_1_52' title='bbox 232 657 423 708; x_wconf 82' lang='lat' dir='ltr'><strong>pinquum</strong></span> <span class='ocrx_word' id='word_1_53' title='bbox 456 660 671 710; x_wconf 85' lang='lat' dir='ltr'><strong>periculum</strong></span> <span class='ocrx_word' id='word_1_54' title='bbox 698 660 853 711; x_wconf 82' lang='lat' dir='ltr'><strong>effugit,</strong></span> <span class='ocrx_word' id='word_1_55' title='bbox 880 673 968 700; x_wconf 86' lang='lat' dir='ltr'><strong>cum</strong></span> <span class='ocrx_word' id='word_1_56' title='bbox 992 676 1059 712; x_wconf 87' lang='lat' dir='ltr'><strong>per</strong></span> <span class='ocrx_word' id='word_1_57' title='bbox 1085 664 1198 714; x_wconf 80' lang='lat' dir='ltr'><strong>longa</strong></span> <span class='ocrx_word' id='word_1_58' title='bbox 1229 664 1406 714; x_wconf 79' lang='lat' dir='ltr'><strong>brachia,</strong></span> <span class='ocrx_word' id='word_1_59' title='bbox 1433 666 1515 716; x_wconf 87' lang='lat' dir='ltr'><strong>qui·</strong></span> 
     </span>
     <span class='ocr_line' id='line_1_9' title="bbox 235 718 1511 778; baseline 0.008 -20"><span class='ocrx_word' id='word_1_60' title='bbox 235 718 308 759; x_wconf 88' lang='lat' dir='ltr'><strong>bus</strong></span> <span class='ocrx_word' id='word_1_61' title='bbox 342 721 546 760; x_wconf 83' lang='lat' dir='ltr'><strong>castrorum</strong></span> <span class='ocrx_word' id='word_1_62' title='bbox 586 723 840 762; x_wconf 86' lang='lat' dir='ltr'><strong>munitionem</strong></span> <span class='ocrx_word' id='word_1_63' title='bbox 869 728 998 773; x_wconf 90' lang='lat' dir='ltr'><strong>portui</strong></span> <span class='ocrx_word' id='word_1_64' title='bbox 1026 728 1306 777; x_wconf 79' lang='lat' dir='ltr'><strong>conjunxerat,</strong></span> <span class='ocrx_word' id='word_1_65' title='bbox 1327 741 1396 778; x_wconf 90' lang='lat' dir='ltr'><strong>pro</strong></span> <span class='ocrx_word' id='word_1_66' title='bbox 1427 741 1511 768; x_wconf 88' lang='lat' dir='ltr'><strong>mo-</strong></span> 
     </span>
     <span class='ocr_line' id='line_1_10' title="bbox 235 782 691 824; baseline 0.009 -4"><span class='ocrx_word' id='word_1_67' title='bbox 235 793 278 820; x_wconf 77' lang='lat' dir='ltr'><strong>re</strong></span> <span class='ocrx_word' id='word_1_68' title='bbox 302 782 454 823; x_wconf 89' lang='lat' dir='ltr'><strong>securus</strong></span> <span class='ocrx_word' id='word_1_69' title='bbox 484 785 691 824; x_wconf 79' lang='lat' dir='ltr'><strong>incederet.</strong></span> 
     </span>
    </p>
   </div>
   <div class='ocr_carea' id='block_1_3' title="bbox 226 854 1533 2406">
    <p class='ocr_par' dir='ltr' id='par_1_3' title="bbox 226 854 1533 1963">
     <span class='ocr_line' id='line_1_11' title="bbox 289 854 1514 913; baseline 0.006 -20"><span class='ocrx_word' id='word_1_70' title='bbox 289 854 456 894; x_wconf 89' lang='lat' dir='ltr'>XXXV.</span> <span class='ocrx_word' id='word_1_71' title='bbox 488 855 608 895; x_wconf 81' lang='lat' dir='ltr'><strong>Caesar</strong></span> <span class='ocrx_word' id='word_1_72' title='bbox 634 856 736 894; x_wconf 86' lang='lat' dir='ltr'><strong>enim</strong></span> <span class='ocrx_word' id='word_1_73' title='bbox 763 856 1011 904; x_wconf 84' lang='lat' dir='ltr'><strong>admonitus,</strong></span> <span class='ocrx_word' id='word_1_74' title='bbox 1040 859 1154 910; x_wconf 82' lang='lat' dir='ltr'><strong>excipi</strong></span> <span class='ocrx_word' id='word_1_75' title='bbox 1182 873 1257 897; x_wconf 87' lang='lat' dir='ltr'><strong>eum</strong></span> <span class='ocrx_word' id='word_1_76' title='bbox 1275 860 1388 913; x_wconf 80' lang='lat' dir='ltr'><strong>poffi,</strong></span> <span class='ocrx_word' id='word_1_77' title='bbox 1412 859 1514 901; x_wconf 88' lang='lat' dir='ltr'><strong>clam</strong></span> 
     </span>
     <span class='ocr_line' id='line_1_12' title="bbox 236 916 1517 974; baseline 0.006 -19"><span class='ocrx_word' id='word_1_78' title='bbox 236 916 388 955; x_wconf 82' lang='lat' dir='ltr'><strong>miserat</strong></span> <span class='ocrx_word' id='word_1_79' title='bbox 410 917 656 958; x_wconf 69' lang='lat' dir='ltr'><strong>subsessores:</strong></span> <span class='ocrx_word' id='word_1_80' title='bbox 685 927 798 969; x_wconf 86' lang='lat' dir='ltr'><strong>atque</strong></span> <span class='ocrx_word' id='word_1_81' title='bbox 826 920 880 958; x_wconf 90' lang='lat' dir='ltr'><strong>illi</strong></span> <span class='ocrx_word' id='word_1_82' title='bbox 894 951 904 968; x_wconf 90' lang='lat'>,</span> <span class='ocrx_word' id='word_1_83' title='bbox 928 920 1040 973; x_wconf 85' lang='lat' dir='ltr'><strong>paulo</strong></span> <span class='ocrx_word' id='word_1_84' title='bbox 1061 921 1295 962; x_wconf 85' lang='lat' dir='ltr'><strong>festinantius</strong></span> <span class='ocrx_word' id='word_1_85' title='bbox 1316 923 1517 974; x_wconf 87' lang='lat' dir='ltr'><strong>exsurgen-</strong></span> 
     </span>
     <span class='ocr_line' id='line_1_13' title="bbox 235 980 1514 1036; baseline 0.009 -21"><span class='ocrx_word' id='word_1_86' title='bbox 235 983 319 1024; x_wconf 84' lang='lat' dir='ltr'><strong>tes,</strong></span> <span class='ocrx_word' id='word_1_87' title='bbox 346 980 685 1020; x_wconf 83' lang='lat' dir='ltr'><strong>anteambulonem</strong></span> <span class='ocrx_word' id='word_1_88' title='bbox 718 983 953 1032; x_wconf 81' lang='lat' dir='ltr'><strong>imperatoris</strong></span> <span class='ocrx_word' id='word_1_89' title='bbox 983 985 1269 1035; x_wconf 75' lang='lat' dir='ltr'><strong>corripuerunt3</strong></span> <span class='ocrx_word' id='word_1_90' title='bbox 1297 986 1374 1036; x_wconf 86' lang='lat' dir='ltr'><strong>ipse</strong></span> <span class='ocrx_word' id='word_1_91' title='bbox 1402 986 1514 1026; x_wconf 85' lang='lat' dir='ltr'><strong>celeri</strong></span> 
     </span>
     <span class='ocr_line' id='line_1_14' title="bbox 233 1039 1517 1092; baseline 0.007 -15"><span class='ocrx_word' id='word_1_92' title='bbox 233 1039 343 1078; x_wconf 86' lang='lat' dir='ltr'><strong>cursu</strong></span> <span class='ocrx_word' id='word_1_93' title='bbox 366 1041 428 1079; x_wconf 81' lang='lat' dir='ltr'><strong>vix</strong></span> <span class='ocrx_word' id='word_1_94' title='bbox 452 1041 488 1080; x_wconf 93' lang='lat' dir='ltr'><strong>se</strong></span> <span class='ocrx_word' id='word_1_95' title='bbox 509 1044 653 1092; x_wconf 80' lang='lat' dir='ltr'><strong>recepit</strong></span> <span class='ocrx_word' id='word_1_96' title='bbox 681 1044 729 1082; x_wconf 85' lang='lat' dir='ltr'><strong>ad</strong></span> <span class='ocrx_word' id='word_1_97' title='bbox 754 1043 852 1084; x_wconf 75' lang='lat' dir='ltr'><strong>su08.</strong></span> <span class='ocrx_word' id='word_1_98' title='bbox 886 1045 1042 1084; x_wconf 85' lang='lat' dir='ltr'><strong>Interim</strong></span> <span class='ocrx_word' id='word_1_99' title='bbox 1066 1045 1223 1086; x_wconf 75' lang='lat' dir='ltr'><strong>delectis</strong></span> <span class='ocrx_word' id='word_1_100' title='bbox 1247 1060 1293 1087; x_wconf 80' lang='lat' dir='ltr'><strong>ex</strong></span> <span class='ocrx_word' id='word_1_101' title='bbox 1319 1048 1426 1087; x_wconf 87' lang='lat' dir='ltr'><strong>omni</strong></span> <span class='ocrx_word' id='word_1_102' title='bbox 1445 1060 1517 1086; x_wconf 92' lang='lat' dir='ltr'><strong>nu-</strong></span> 
     </span>
     <span class='ocr_line' id='line_1_15' title="bbox 235 1102 1533 1158; baseline 0.006 -19"><span class='ocrx_word' id='word_1_103' title='bbox 235 1112 342 1139; x_wconf 87' lang='lat' dir='ltr'><strong>mero</strong></span> <span class='ocrx_word' id='word_1_104' title='bbox 377 1102 681 1152; x_wconf 70' lang='lat' dir='ltr'><strong>praestantissimis</strong></span> <span class='ocrx_word' id='word_1_105' title='bbox 721 1104 932 1154; x_wconf 85' lang='lat' dir='ltr'><strong>quibusque</strong></span> <span class='ocrx_word' id='word_1_106' title='bbox 971 1107 1132 1146; x_wconf 84' lang='lat' dir='ltr'><strong>navibus</strong></span> <span class='ocrx_word' id='word_1_107' title='bbox 1168 1115 1322 1147; x_wconf 81' lang='lat' dir='ltr'><strong>centum</strong></span> <span class='ocrx_word' id='word_1_108' title='bbox 1359 1107 1533 1158; x_wconf 78' lang='lat' dir='ltr'><strong>septua-·</strong></span> 
     </span>
     <span class='ocr_line' id='line_1_16' title="bbox 237 1162 1518 1220; baseline 0.007 -20"><span class='ocrx_word' id='word_1_109' title='bbox 237 1162 369 1212; x_wconf 75' lang='lat' dir='ltr'><strong>ginta,</strong></span> <span class='ocrx_word' id='word_1_110' title='bbox 399 1173 561 1213; x_wconf 78' lang='lat' dir='ltr'><strong>ceteras,</strong></span> <span class='ocrx_word' id='word_1_111' title='bbox 588 1166 690 1215; x_wconf 89' lang='lat' dir='ltr'><strong>quod</strong></span> <span class='ocrx_word' id='word_1_112' title='bbox 717 1167 921 1206; x_wconf 84' lang='lat' dir='ltr'><strong>imminuto</strong></span> <span class='ocrx_word' id='word_1_113' title='bbox 945 1169 1157 1220; x_wconf 79' lang='lat' dir='ltr'><strong>transfugiis</strong></span> <span class='ocrx_word' id='word_1_114' title='bbox 1176 1169 1387 1220; x_wconf 83' lang='lat' dir='ltr'><strong>pugnisque</strong></span> <span class='ocrx_word' id='word_1_115' title='bbox 1413 1183 1518 1209; x_wconf 83' lang='lat' dir='ltr'><strong>exer-</strong></span> 
     </span>
     <span class='ocr_line' id='line_1_17' title="bbox 232 1223 1518 1281; baseline 0.007 -20"><span class='ocrx_word' id='word_1_116' title='bbox 232 1223 314 1261; x_wconf 84' lang='lat' dir='ltr'><strong>citu</strong></span> <span class='ocrx_word' id='word_1_117' title='bbox 357 1226 538 1276; x_wconf 88' lang='lat' dir='ltr'><strong>compleri</strong></span> <span class='ocrx_word' id='word_1_118' title='bbox 578 1240 656 1266; x_wconf 88' lang='lat' dir='ltr'><strong>non</strong></span> <span class='ocrx_word' id='word_1_119' title='bbox 683 1236 879 1278; x_wconf 82' lang='lat' dir='ltr'><strong>poterant,</strong></span> <span class='ocrx_word' id='word_1_120' title='bbox 904 1229 991 1280; x_wconf 83' lang='lat' dir='ltr'><strong>igne</strong></span> <span class='ocrx_word' id='word_1_121' title='bbox 1028 1230 1199 1270; x_wconf 85' lang='lat' dir='ltr'><strong>consumi</strong></span> <span class='ocrx_word' id='word_1_122' title='bbox 1231 1230 1394 1280; x_wconf 86' lang='lat' dir='ltr'><strong>placuit:</strong></span> <span class='ocrx_word' id='word_1_123' title='bbox 1423 1244 1518 1281; x_wconf 87' lang='lat' dir='ltr'><strong>prae-</strong></span> 
     </span>
     <span class='ocr_line' id='line_1_18' title="bbox 233 1287 1519 1343; baseline 0.006 -19"><span class='ocrx_word' id='word_1_124' title='bbox 233 1291 294 1324; x_wconf 77' lang='lat' dir='ltr'><strong>ter</strong></span> <span class='ocrx_word' id='word_1_125' title='bbox 313 1287 507 1338; x_wconf 79' lang='lat' dir='ltr'><strong>AEgyptias</strong></span> <span class='ocrx_word' id='word_1_126' title='bbox 533 1290 719 1340; x_wconf 73' lang='lat' dir='ltr'><strong>sexaginta</strong></span> <span class='ocrx_word' id='word_1_127' title='bbox 737 1323 747 1337; x_wconf 94' lang='lat'>‚</span> <span class='ocrx_word' id='word_1_128' title='bbox 775 1304 867 1341; x_wconf 80' lang='lat' dir='ltr'><strong>quas</strong></span> <span class='ocrx_word' id='word_1_129' title='bbox 900 1292 1002 1330; x_wconf 82' lang='lat' dir='ltr'><strong>malo</strong></span> <span class='ocrx_word' id='word_1_130' title='bbox 1035 1292 1189 1332; x_wconf 77' lang='lat' dir='ltr'><strong>consilio</strong></span> <span class='ocrx_word' id='word_1_131' title='bbox 1218 1293 1428 1343; x_wconf 86' lang='lat' dir='ltr'><strong>Cleopatrae</strong></span> <span class='ocrx_word' id='word_1_132' title='bbox 1461 1305 1519 1332; x_wconf 79' lang='lat' dir='ltr'><strong>re-</strong></span> 
     </span>
     <span class='ocr_line' id='line_1_19' title="bbox 234 1347 1515 1403; baseline 0.006 -17"><span class='ocrx_word' id='word_1_133' title='bbox 234 1347 445 1399; x_wconf 76' lang='lat' dir='ltr'><strong>linquebat.</strong></span> <span class='ocrx_word' id='word_1_134' title='bbox 468 1352 593 1391; x_wconf 71' lang='lat' dir='ltr'><strong>Noc&#39;tu</strong></span> <span class='ocrx_word' id='word_1_135' title='bbox 618 1352 757 1391; x_wconf 84' lang='lat' dir='ltr'><strong>deinde</strong></span> <span class='ocrx_word' id='word_1_136' title='bbox 784 1354 1052 1403; x_wconf 73' lang='lat' dir='ltr'><strong>pretiosissimis</strong></span> <span class='ocrx_word' id='word_1_137' title='bbox 1073 1369 1197 1394; x_wconf 86' lang='lat' dir='ltr'><strong>rerum</strong></span> <span class='ocrx_word' id='word_1_138' title='bbox 1223 1356 1262 1393; x_wconf 86' lang='lat' dir='ltr'><strong>in</strong></span> <span class='ocrx_word' id='word_1_139' title='bbox 1281 1368 1392 1394; x_wconf 89' lang='lat' dir='ltr'><strong>naves</strong></span> <span class='ocrx_word' id='word_1_140' title='bbox 1410 1367 1515 1394; x_wconf 91' lang='lat' dir='ltr'><strong>com-</strong></span> 
     </span>
     <span class='ocr_line' id='line_1_20' title="bbox 236 1415 1515 1471; baseline 0.004 -18"><span class='ocrx_word' id='word_1_141' title='bbox 236 1415 424 1464; x_wconf 74' lang='lat' dir='ltr'><strong>portatis,</strong></span> <span class='ocrx_word' id='word_1_142' title='bbox 458 1417 657 1468; x_wconf 80' lang='lat' dir='ltr'><strong>postquam</strong></span> <span class='ocrx_word' id='word_1_143' title='bbox 693 1420 820 1458; x_wconf 82' lang='lat' dir='ltr'><strong>omnia</strong></span> <span class='ocrx_word' id='word_1_144' title='bbox 857 1419 941 1460; x_wconf 84' lang='lat' dir='ltr'><strong>satis</strong></span> <span class='ocrx_word' id='word_1_145' title='bbox 974 1421 1148 1460; x_wconf 68' lang='lat' dir='ltr'><strong>instructa</strong></span> <span class='ocrx_word' id='word_1_146' title='bbox 1179 1432 1383 1471; x_wconf 83' lang='lat' dir='ltr'><strong>parataque</strong></span> <span class='ocrx_word' id='word_1_147' title='bbox 1413 1420 1515 1459; x_wconf 85' lang='lat' dir='ltr'><strong>vide-</strong></span> 
     </span>
     <span class='ocr_line' id='line_1_21' title="bbox 234 1474 1514 1532; baseline 0.004 -18"><span class='ocrx_word' id='word_1_148' title='bbox 234 1474 399 1526; x_wconf 83' lang='lat' dir='ltr'><strong>bantur,</strong></span> <span class='ocrx_word' id='word_1_149' title='bbox 430 1480 613 1519; x_wconf 81' lang='lat' dir='ltr'><strong>Antonius</strong></span> <span class='ocrx_word' id='word_1_150' title='bbox 648 1479 903 1520; x_wconf 84' lang='lat' dir='ltr'><strong>adhortandos</strong></span> <span class='ocrx_word' id='word_1_151' title='bbox 933 1483 1035 1532; x_wconf 88' lang='lat' dir='ltr'><strong>prius</strong></span> <span class='ocrx_word' id='word_1_152' title='bbox 1064 1482 1202 1521; x_wconf 80' lang='lat' dir='ltr'><strong>milites</strong></span> <span class='ocrx_word' id='word_1_153' title='bbox 1239 1489 1363 1528; x_wconf 87' lang='lat' dir='ltr'><strong>ratus,</strong></span> <span class='ocrx_word' id='word_1_154' title='bbox 1394 1481 1514 1519; x_wconf 85' lang='lat' dir='ltr'><strong>advo-</strong></span> 
     </span>
     <span class='ocr_line' id='line_1_22' title="bbox 236 1540 1514 1594; baseline 0.002 -18"><span class='ocrx_word' id='word_1_155' title='bbox 236 1547 321 1578; x_wconf 74' lang='lat' dir='ltr'><strong>cata</strong></span> <span class='ocrx_word' id='word_1_156' title='bbox 347 1540 560 1589; x_wconf 87' lang='lat' dir='ltr'><strong>concione,</strong></span> <span class='ocrx_word' id='word_1_157' title='bbox 584 1541 686 1582; x_wconf 89' lang='lat' dir='ltr'><strong>hunc</strong></span> <span class='ocrx_word' id='word_1_158' title='bbox 712 1544 748 1581; x_wconf 93' lang='lat' dir='ltr'><strong>in</strong></span> <span class='ocrx_word' id='word_1_159' title='bbox 775 1543 934 1582; x_wconf 87' lang='lat' dir='ltr'><strong>modum</strong></span> <span class='ocrx_word' id='word_1_160' title='bbox 960 1543 1088 1582; x_wconf 74' lang='lat' dir='ltr'><strong>fecisse</strong></span> <span class='ocrx_word' id='word_1_161' title='bbox 1105 1543 1219 1582; x_wconf 84' lang='lat' dir='ltr'><strong>verba</strong></span> <span class='ocrx_word' id='word_1_162' title='bbox 1243 1543 1402 1582; x_wconf 85' lang='lat' dir='ltr'><strong>dicitur:</strong></span> <span class='ocrx_word' id='word_1_163' title='bbox 1426 1544 1514 1594; x_wconf 73' lang='lat' dir='ltr'><strong>Qua:</strong></span> 
     </span>
     <span class='ocr_line' id='line_1_23' title="bbox 236 1604 1518 1658; baseline 0.002 -19"><span class='ocrx_word' id='word_1_164' title='bbox 236 1618 261 1639; x_wconf 83' lang='grc' dir='ltr'><em>α</em></span> <span class='ocrx_word' id='word_1_165' title='bbox 286 1604 369 1639; x_wconf 79' lang='lat' dir='ltr'><strong>duce</strong></span> <span class='ocrx_word' id='word_1_166' title='bbox 389 1606 511 1655; x_wconf 78' lang='lat' dir='ltr'><strong>parari</strong></span> <span class='ocrx_word' id='word_1_167' title='bbox 536 1607 686 1657; x_wconf 86' lang='lat' dir='ltr'><strong>oportuit</strong></span> <span class='ocrx_word' id='word_1_168' title='bbox 702 1635 712 1654; x_wconf 90' lang='lat'>‚</span> <span class='ocrx_word' id='word_1_169' title='bbox 733 1607 853 1658; x_wconf 69' lang='lat' dir='ltr'><strong>praesto</strong></span> <span class='ocrx_word' id='word_1_170' title='bbox 876 1606 937 1658; x_wconf 71' lang='lat' dir='ltr'><strong>effe</strong></span> <span class='ocrx_word' id='word_1_171' title='bbox 961 1606 1102 1654; x_wconf 80' lang='lat' dir='ltr'><strong>omnia,</strong></span> <span class='ocrx_word' id='word_1_172' title='bbox 1123 1621 1163 1644; x_wconf 85' lang='lat' dir='ltr'><strong>ne</strong></span> <span class='ocrx_word' id='word_1_173' title='bbox 1188 1605 1272 1643; x_wconf 80' lang='lat' dir='ltr'><strong>mihi</strong></span> <span class='ocrx_word' id='word_1_174' title='bbox 1295 1605 1384 1643; x_wconf 83' lang='lat' dir='ltr'><strong>credi</strong></span> <span class='ocrx_word' id='word_1_175' title='bbox 1404 1605 1518 1657; x_wconf 84' lang='lat' dir='ltr'><strong>postu-</strong></span> 
     </span>
     <span class='ocr_line' id='line_1_24' title="bbox 235 1662 1517 1718; baseline -0.007 -8"><span class='ocrx_word' id='word_1_176' title='bbox 235 1662 321 1709; x_wconf 63' lang='lat' dir='ltr'><strong>lem,</strong></span> <span class='ocrx_word' id='word_1_177' title='bbox 352 1664 418 1714; x_wconf 68' lang='lat' dir='ltr'><strong>il’fi</strong></span> <span class='ocrx_word' id='word_1_178' title='bbox 435 1665 599 1716; x_wconf 73' lang='lat' dir='ltr'><strong>120vl&#39;slis,</strong></span> <span class='ocrx_word' id='word_1_179' title='bbox 634 1678 736 1718; x_wconf 81' lang='lat' dir='ltr'><strong>atque</strong></span> <span class='ocrx_word' id='word_1_180' title='bbox 764 1668 848 1705; x_wconf 85' lang='lat' dir='ltr'><strong>adeo</strong></span> <span class='ocrx_word' id='word_1_181' title='bbox 883 1667 1039 1713; x_wconf 79' lang='lat' dir='ltr'><strong>videtis,</strong></span> <span class='ocrx_word' id='word_1_182' title='bbox 1068 1666 1326 1704; x_wconf 82' lang='lat' dir='ltr'><strong>commilitones.</strong></span> <span class='ocrx_word' id='word_1_183' title='bbox 1353 1666 1429 1716; x_wconf 76' lang='lat' dir='ltr'><strong>five</strong></span> <span class='ocrx_word' id='word_1_184' title='bbox 1451 1679 1517 1702; x_wconf 89' lang='lat' dir='ltr'><strong>nu-</strong></span> 
     </span>
     <span class='ocr_line' id='line_1_25' title="bbox 237 1725 1517 1779; baseline 0.003 -20"><span class='ocrx_word' id='word_1_185' title='bbox 237 1736 360 1761; x_wconf 83' lang='lat' dir='ltr'><strong>merum</strong></span> <span class='ocrx_word' id='word_1_186' title='bbox 386 1725 561 1774; x_wconf 85' lang='lat' dir='ltr'><strong>copiarum</strong></span> <span class='ocrx_word' id='word_1_187' title='bbox 599 1727 788 1778; x_wconf 81' lang='lat' dir='ltr'><strong>respicitis,</strong></span> <span class='ocrx_word' id='word_1_188' title='bbox 810 1730 885 1776; x_wconf 78' lang='lat' dir='ltr'><strong>sive</strong></span> <span class='ocrx_word' id='word_1_189' title='bbox 917 1727 1054 1765; x_wconf 80' lang='lat' dir='ltr'><strong>cuilibet</strong></span> <span class='ocrx_word' id='word_1_190' title='bbox 1077 1726 1189 1779; x_wconf 81' lang='lat' dir='ltr'><strong>generi</strong></span> <span class='ocrx_word' id='word_1_191' title='bbox 1220 1738 1344 1777; x_wconf 64' lang='lat' dir='ltr'><strong>pugnae</strong></span> <span class='ocrx_word' id='word_1_192' title='bbox 1371 1725 1517 1763; x_wconf 79' lang='lat' dir='ltr'><strong>idoneas</strong></span> 
     </span>
     <span class='ocr_line' id='line_1_26' title="bbox 238 1785 1516 1840; baseline 0.002 -20"><span class='ocrx_word' id='word_1_193' title='bbox 238 1797 382 1832; x_wconf 83' lang='lat' dir='ltr'><strong>manus,</strong></span> <span class='ocrx_word' id='word_1_194' title='bbox 416 1787 512 1824; x_wconf 79' lang='lat' dir='ltr'><strong>lmud</strong></span> <span class='ocrx_word' id='word_1_195' title='bbox 545 1789 645 1825; x_wconf 85' lang='lat' dir='ltr'><strong>dubie</strong></span> <span class='ocrx_word' id='word_1_196' title='bbox 667 1789 862 1840; x_wconf 72' lang='lat' dir='ltr'><strong>superiores</strong></span> <span class='ocrx_word' id='word_1_197' title='bbox 887 1790 1019 1839; x_wconf 74' lang='lat' dir='ltr'><strong>fitmus.</strong></span> <span class='ocrx_word' id='word_1_198' title='bbox 1049 1801 1163 1834; x_wconf 82' lang='lat' dir='ltr'><strong>taceo,</strong></span> <span class='ocrx_word' id='word_1_199' title='bbox 1187 1789 1367 1839; x_wconf 76' lang='lat' dir='ltr'><strong>quodiam</strong></span> <span class='ocrx_word' id='word_1_200' title='bbox 1387 1785 1516 1838; x_wconf 80' lang='lat' dir='ltr'><strong>strenui</strong></span> 
     </span>
     <span class='ocr_line' id='line_1_27' title="bbox 236 1844 1520 1902; baseline 0.002 -20"><span class='ocrx_word' id='word_1_201' title='bbox 236 1844 419 1884; x_wconf 81' lang='lat' dir='ltr'><strong>bellatores</strong></span> <span class='ocrx_word' id='word_1_202' title='bbox 434 1848 586 1899; x_wconf 80' lang='lat' dir='ltr'><strong>plerique</strong></span> <span class='ocrx_word' id='word_1_203' title='bbox 606 1851 707 1902; x_wconf 80' lang='lat' dir='ltr'><strong>estis,</strong></span> <span class='ocrx_word' id='word_1_204' title='bbox 728 1851 921 1902; x_wconf 68' lang='lat' dir='ltr'><strong>pugnisclue</strong></span> <span class='ocrx_word' id='word_1_205' title='bbox 946 1850 1138 1900; x_wconf 75' lang='lat' dir='ltr'><strong>clariffimis</strong></span> <span class='ocrx_word' id='word_1_206' title='bbox 1166 1849 1364 1895; x_wconf 68' lang='lat' dir='ltr'><strong>nobilitati,</strong></span> <span class='ocrx_word' id='word_1_207' title='bbox 1390 1859 1429 1886; x_wconf 87' lang='lat' dir='ltr'><strong>ut</strong></span> <span class='ocrx_word' id='word_1_208' title='bbox 1460 1846 1520 1885; x_wconf 80' lang='lat' dir='ltr'><strong>vel</strong></span> 
     </span>
     <span class='ocr_line' id='line_1_28' title="bbox 226 1905 1316 1963; baseline 0.006 -22"><span class='ocrx_word' id='word_1_209' title='bbox 226 1905 442 1957; x_wconf 69' lang='lat' dir='ltr'><strong>fngulotum</strong></span> <span class='ocrx_word' id='word_1_210' title='bbox 477 1910 676 1948; x_wconf 79' lang='lat' dir='ltr'><strong>celebratam</strong></span> <span class='ocrx_word' id='word_1_211' title='bbox 711 1912 868 1949; x_wconf 82' lang='lat' dir='ltr'><strong>virtutem</strong></span> <span class='ocrx_word' id='word_1_212' title='bbox 901 1911 1007 1963; x_wconf 84' lang='lat' dir='ltr'><strong>hostes</strong></span> <span class='ocrx_word' id='word_1_213' title='bbox 1026 1912 1125 1963; x_wconf 83' lang='lat' dir='ltr'><strong>nostri</strong></span> <span class='ocrx_word' id='word_1_214' title='bbox 1149 1912 1316 1948; x_wconf 76' lang='lat' dir='ltr'><strong>horreant.</strong></span> 
     </span>
    </p>

    <p class='ocr_par' dir='ltr' id='par_1_4' title="bbox 237 1976 1518 2406">
     <span class='ocr_line' id='line_1_29' title="bbox 268 1976 1515 2033; baseline 0.001 -18"><span class='ocrx_word' id='word_1_215' title='bbox 268 1976 480 2029; x_wconf 60' lang='lat' dir='ltr'>‚XXXVL</span> <span class='ocrx_word' id='word_1_216' title='bbox 516 1980 657 2017; x_wconf 86' lang='lat' dir='ltr'><strong>Viribus</strong></span> <span class='ocrx_word' id='word_1_217' title='bbox 687 1981 815 2033; x_wconf 71' lang='lat' dir='ltr'><strong>igitur,</strong></span> <span class='ocrx_word' id='word_1_218' title='bbox 841 1982 877 2018; x_wconf 86' lang='lat' dir='ltr'><strong>in</strong></span> <span class='ocrx_word' id='word_1_219' title='bbox 907 1981 1032 2032; x_wconf 81' lang='lat' dir='ltr'><strong>quibus</strong></span> <span class='ocrx_word' id='word_1_220' title='bbox 1059 1982 1146 2033; x_wconf 75' lang='lat' dir='ltr'><strong>fitnt</strong></span> <span class='ocrx_word' id='word_1_221' title='bbox 1173 1980 1315 2024; x_wconf 66' lang='lat' dir='ltr'><strong>omnia,</strong></span> <span class='ocrx_word' id='word_1_222' title='bbox 1336 1979 1515 2030; x_wconf 84' lang='lat' dir='ltr'><strong>potiores,</strong></span> 
     </span>
     <span class='ocr_line' id='line_1_30' title="bbox 237 2036 1514 2094; baseline 0.003 -21"><span class='ocrx_word' id='word_1_223' title='bbox 237 2036 341 2074; x_wconf 84' lang='lat' dir='ltr'><strong>etiam</strong></span> <span class='ocrx_word' id='word_1_224' title='bbox 368 2040 590 2090; x_wconf 80' lang='lat' dir='ltr'><strong>pecuniarum</strong></span> <span class='ocrx_word' id='word_1_225' title='bbox 616 2055 685 2078; x_wconf 81' lang='lat' dir='ltr'><strong>non</strong></span> <span class='ocrx_word' id='word_1_226' title='bbox 712 2042 949 2094; x_wconf 78' lang='lat' dir='ltr'><strong>magnitudine</strong></span> <span class='ocrx_word' id='word_1_227' title='bbox 968 2042 1086 2088; x_wconf 79' lang='lat' dir='ltr'><strong>modo,</strong></span> <span class='ocrx_word' id='word_1_228' title='bbox 1109 2042 1172 2093; x_wconf 77' lang='lat' dir='ltr'><strong>sed</strong></span> <span class='ocrx_word' id='word_1_229' title='bbox 1180 2040 1362 2092; x_wconf 83' lang='lat' dir='ltr'><strong>facilitate</strong></span> <span class='ocrx_word' id='word_1_230' title='bbox 1384 2054 1514 2090; x_wconf 83' lang='lat' dir='ltr'><strong>paran-</strong></span> 
     </span>
     <span class='ocr_line' id='line_1_31' title="bbox 239 2099 1518 2153; baseline 0.002 -16"><span class='ocrx_word' id='word_1_231' title='bbox 239 2099 303 2144; x_wconf 86' lang='lat' dir='ltr'><strong>di,</strong></span> <span class='ocrx_word' id='word_1_232' title='bbox 326 2102 506 2153; x_wconf 83' lang='lat' dir='ltr'><strong>utendique</strong></span> <span class='ocrx_word' id='word_1_233' title='bbox 526 2103 678 2141; x_wconf 78' lang='lat' dir='ltr'><strong>libertate</strong></span> <span class='ocrx_word' id='word_1_234' title='bbox 696 2134 707 2151; x_wconf 89' lang='lat'>,</span> <span class='ocrx_word' id='word_1_235' title='bbox 732 2104 914 2141; x_wconf 72' lang='lat' dir='ltr'><strong>vincimus.</strong></span> <span class='ocrx_word' id='word_1_236' title='bbox 941 2117 1019 2140; x_wconf 86' lang='lat' dir='ltr'><strong>nam</strong></span> <span class='ocrx_word' id='word_1_237' title='bbox 1043 2117 1086 2142; x_wconf 79' lang='lat' dir='ltr'><strong>ex</strong></span> <span class='ocrx_word' id='word_1_238' title='bbox 1108 2103 1204 2140; x_wconf 81' lang='lat' dir='ltr'><strong>ubere</strong></span> <span class='ocrx_word' id='word_1_239' title='bbox 1230 2102 1330 2153; x_wconf 81' lang='lat' dir='ltr'><strong>copia</strong></span> <span class='ocrx_word' id='word_1_240' title='bbox 1355 2101 1518 2151; x_wconf 73' lang='lat' dir='ltr'><strong>defiimtis</strong></span> 
     </span>
     <span class='ocr_line' id='line_1_32' title="bbox 241 2164 1518 2220; baseline 0.002 -21"><span class='ocrx_word' id='word_1_241' title='bbox 241 2176 348 2214; x_wconf 82' lang='lat' dir='ltr'><strong>neque</strong></span> <span class='ocrx_word' id='word_1_242' title='bbox 379 2179 514 2215; x_wconf 79' lang='lat' dir='ltr'><strong>parcere</strong></span> <span class='ocrx_word' id='word_1_243' title='bbox 547 2166 720 2218; x_wconf 76' lang='lat' dir='ltr'><strong>cogimur,</strong></span> <span class='ocrx_word' id='word_1_244' title='bbox 749 2180 850 2217; x_wconf 82' lang='lat' dir='ltr'><strong>neque</strong></span> <span class='ocrx_word' id='word_1_245' title='bbox 874 2166 1064 2220; x_wconf 82' lang='lat' dir='ltr'><strong>seditiones</strong></span> <span class='ocrx_word' id='word_1_246' title='bbox 1087 2181 1148 2218; x_wconf 83' lang='lat' dir='ltr'><strong>per</strong></span> <span class='ocrx_word' id='word_1_247' title='bbox 1181 2164 1252 2202; x_wconf 83' lang='lat' dir='ltr'><strong>vim</strong></span> <span class='ocrx_word' id='word_1_248' title='bbox 1279 2175 1411 2216; x_wconf 87' lang='lat' dir='ltr'><strong>ereptas</strong></span> <span class='ocrx_word' id='word_1_249' title='bbox 1436 2178 1518 2215; x_wconf 85' lang='lat' dir='ltr'><strong>que-</strong></span> 
     </span>
     <span class='ocr_line' id='line_1_33' title="bbox 238 2224 1517 2278; baseline 0 -17"><span class='ocrx_word' id='word_1_250' title='bbox 238 2224 383 2262; x_wconf 83' lang='lat' dir='ltr'><strong>rentium</strong></span> <span class='ocrx_word' id='word_1_251' title='bbox 406 2225 662 2276; x_wconf 72' lang='lat' dir='ltr'><strong>formidamus:</strong></span> <span class='ocrx_word' id='word_1_252' title='bbox 694 2228 813 2278; x_wconf 82' lang='lat' dir='ltr'><strong>qualia</strong></span> <span class='ocrx_word' id='word_1_253' title='bbox 853 2227 961 2264; x_wconf 82' lang='lat' dir='ltr'><strong>multa</strong></span> <span class='ocrx_word' id='word_1_254' title='bbox 992 2227 1100 2278; x_wconf 71' lang='lat' dir='ltr'><strong>visitri</strong></span> <span class='ocrx_word' id='word_1_255' title='bbox 1134 2241 1213 2266; x_wconf 85' lang='lat' dir='ltr'><strong>mox</strong></span> <span class='ocrx_word' id='word_1_256' title='bbox 1244 2226 1281 2264; x_wconf 90' lang='lat' dir='ltr'><strong>in</strong></span> <span class='ocrx_word' id='word_1_257' title='bbox 1317 2225 1426 2263; x_wconf 81' lang='lat' dir='ltr'><strong>Italia</strong></span> <span class='ocrx_word' id='word_1_258' title='bbox 1449 2226 1517 2277; x_wconf 81' lang='lat' dir='ltr'><strong>su-</strong></span> 
     </span>
     <span class='ocr_line' id='line_1_34' title="bbox 239 2285 1516 2340; baseline 0.002 -19"><span class='ocrx_word' id='word_1_259' title='bbox 239 2298 339 2330; x_wconf 84' lang='lat' dir='ltr'><strong>mus,</strong></span> <span class='ocrx_word' id='word_1_260' title='bbox 366 2287 423 2323; x_wconf 89' lang='lat' dir='ltr'><strong>ubi</strong></span> <span class='ocrx_word' id='word_1_261' title='bbox 453 2286 529 2337; x_wconf 83' lang='lat' dir='ltr'><strong>jam</strong></span> <span class='ocrx_word' id='word_1_262' title='bbox 564 2286 646 2325; x_wconf 86' lang='lat' dir='ltr'><strong>olim</strong></span> <span class='ocrx_word' id='word_1_263' title='bbox 680 2288 889 2325; x_wconf 79' lang='lat' dir='ltr'><strong>tumentibus</strong></span> <span class='ocrx_word' id='word_1_264' title='bbox 925 2289 1054 2326; x_wconf 85' lang='lat' dir='ltr'><strong>animis</strong></span> <span class='ocrx_word' id='word_1_265' title='bbox 1081 2300 1228 2336; x_wconf 84' lang='lat' dir='ltr'><strong>metum,</strong></span> <span class='ocrx_word' id='word_1_266' title='bbox 1259 2302 1326 2340; x_wconf 87' lang='lat' dir='ltr'><strong>quo</strong></span> <span class='ocrx_word' id='word_1_267' title='bbox 1357 2286 1412 2324; x_wconf 79' lang='lat' dir='ltr'><strong>illi</strong></span> <span class='ocrx_word' id='word_1_268' title='bbox 1436 2285 1516 2337; x_wconf 76' lang='lat' dir='ltr'><strong>solo</strong></span> 
     </span>
     <span class='ocr_line' id='line_1_35' title="bbox 237 2345 1508 2406; baseline -0.002 -20"><span class='ocrx_word' id='word_1_269' title='bbox 237 2347 353 2386; x_wconf 71' lang='lat' dir='ltr'><strong>adhuc</strong></span> <span class='ocrx_word' id='word_1_270' title='bbox 378 2359 551 2395; x_wconf 83' lang='lat' dir='ltr'><strong>tenentur,</strong></span> <span class='ocrx_word' id='word_1_271' title='bbox 577 2362 672 2386; x_wconf 75' lang='lat' dir='ltr'><strong>arma</strong></span> <span class='ocrx_word' id='word_1_272' title='bbox 697 2350 807 2400; x_wconf 83' lang='lat' dir='ltr'><strong>nostra</strong></span> <span class='ocrx_word' id='word_1_273' title='bbox 833 2348 1056 2387; x_wconf 76' lang='lat' dir='ltr'><strong>detraxerint.</strong></span> <span class='ocrx_word' id='word_1_274' title='bbox 1086 2349 1169 2400; x_wconf 82' lang='lat' dir='ltr'><strong>Post</strong></span> <span class='ocrx_word' id='word_1_275' title='bbox 1187 2348 1251 2401; x_wconf 79' lang='lat' dir='ltr'><strong>ista</strong></span> <span class='ocrx_word' id='word_1_276' title='bbox 1274 2345 1508 2406; x_wconf 70' lang='lat' dir='ltr'><strong>paenesuper-</strong></span> 
     </span>
    </p>
   </div>
   <div class='ocr_carea' id='block_1_4' title="bbox 282 2474 1063 2519">
    <p class='ocr_par' dir='ltr' id='par_1_5' title="bbox 282 2474 1063 2519">
     <span class='ocr_line' id='line_1_36' title="bbox 282 2474 1063 2519; baseline -0.003 -10"><span class='ocrx_word' id='word_1_277' title='bbox 282 2475 305 2519; x_wconf 70' lang='lat' dir='ltr'>S</span> <span class='ocrx_word' id='word_1_278' title='bbox 333 2476 492 2511; x_wconf 80' lang='lat' dir='ltr'><strong>XXXIV.</strong></span> <span class='ocrx_word' id='word_1_279' title='bbox 515 2475 602 2510; x_wconf 86' lang='lat' dir='ltr'><strong>Plut.</strong></span> <span class='ocrx_word' id='word_1_280' title='bbox 636 2475 657 2519; x_wconf 85' lang='lat'>§</span> <span class='ocrx_word' id='word_1_281' title='bbox 682 2474 824 2511; x_wconf 84' lang='lat' dir='ltr'><strong>XXXV.</strong></span> <span class='ocrx_word' id='word_1_282' title='bbox 846 2474 924 2508; x_wconf 70' lang='lat' dir='ltr'><strong>Dio,</strong></span> <span class='ocrx_word' id='word_1_283' title='bbox 947 2474 1036 2508; x_wconf 87' lang='lat' dir='ltr'><strong>Plut.</strong></span> <span class='ocrx_word' id='word_1_284' title='bbox 1060 2480 1063 2483; x_wconf 71' lang='grc'><strong><em>”</em></strong></span> 
     </span>
    </p>
   </div>
   <div class='ocr_carea' id='block_1_5' title="bbox 1614 2369 1617 2943">
    <p class='ocr_par' dir='ltr' id='par_1_6' title="bbox 1614 2369 1617 2943">
     <span class='ocr_line' id='line_1_37' title="bbox 1614 2369 1617 2943; baseline 0 0"><span class='ocrx_word' id='word_1_285' title='bbox 1614 2369 1617 2943; x_wconf 95' lang='lat' dir='ltr'><strong> </strong></span> 
     </span>
    </p>
   </div>
  </div>
 </body>
</html>
