1617 2963
226 243 318 286 242
383 219 1403 279 10.-FRE1NSHEM11—SUPPLEM

222 342 335 374 erant
364 333 538 374 omnium
573 331 763 382 principi,
793 338 909 382 atque
941 332 1069 373 animo
1096 336 1194 386 regis
1226 337 1355 376 omnia
1388 344 1501 376 coni⁵

225 395 420 448 pleCIenti.
1135 423 1136 426 ,

279 450 410 491 XXII.
444 448 515 489 His
542 448 657 488 etiam
684 446 779 487 locis
796 479 807 498 ,
845 455 890 487 ut
924 451 1048 489 meriti
1076 452 1218 502 quique
1245 451 1514 498 videbantur‚*

220 512 282 561 his
309 510 494 551 beneficia
529 511 661 559 dedit,
683 509 763 549 aliis
790 511 959 559 injunxit
987 514 1129 561 majora
1149 514 1334 563 prioribus
1361 525 1496 552 onera:

223 573 464 619 Trallianos,
492 580 597 611 terrae
622 580 730 610 motu
763 573 927 622 graviter
952 573 1112 614 afflictos
1128 603 1140 622 ‚
1164 574 1356 624 gymnasio
1384 575 1501 625 parti-

222 633 367 684 busque
390 633 473 672 aliis
494 646 536 672 ea
566 633 666 682 peste
694 633 846 680 dirutis,
876 634 1038 683 pecunia
1065 636 1185 684 juvit:
1214 637 1384 685 itemque
1406 636 1504 675 Lao-

224 692 386 734 dicenos
419 706 441 732 e
475 692 660 744 Phrygia:
694 706 762 742 pro
794 693 932 742 quibus
967 694 1287 746 Thyatirenisque
1324 698 1360 736 &
1394 696 1500 736 Chiis

221 757 396 796 senatum
425 755 604 796 Tiberius
632 765 711 793 erat
741 755 978 805 deprecatus.
1028 757 1169 796 Contra
1199 758 1397 809 Cyzicenis
1424 759 1506 808 Ty-

221 819 364 869 riisque
392 830 435 857 ac
463 817 633 858 Sidoniis
666 817 819 855 ademta
851 816 1018 858 libertas.
1059 819 1116 859 his
1141 820 1193 859 ob
1221 820 1421 860 continuas
1444 820 1502 859 se-

225 882 417 921 ditiones:
453 878 633 930 Cyziceni
659 878 761 916 cives
789 878 980 918 Romanos
1003 880 1127 931 flagris
1156 882 1384 922 ceciderant.
1415 883 1506 923 Pro-

223 944 340 983 fectio
374 942 524 981 Caesaris
560 941 608 979 ad
649 952 714 978 eos
744 941 896 990 imperii
928 942 1023 981 fines
1062 943 1209 983 Phraati
1247 945 1503 996 suspicionem

224 1005 432 1055 injecerat,
459 1017 506 1042 ne
525 1012 678 1053 propter
698 1003 872 1054 neglecta
891 1008 1002 1054 pasta
1024 1006 1124 1045 bello
1151 1017 1353 1058 peteretur.
1383 1009 1503 1060 Igitur

225 1067 367 1118 aquilas
390 1069 425 1107 Sc
450 1067 550 1117 figna
573 1066 749 1105 militaria
765 1096 775 1112 ,
804 1067 1069 1118 captivosque,
1091 1078 1224 1120 praeter
1245 1083 1413 1121 paucos,
1438 1072 1503 1122 qui

223 1129 375 1179 pudore
404 1127 468 1166 fibi
496 1126 755 1165 consciverant
778 1139 911 1166 necem
928 1157 939 1174 ,
968 1139 1034 1190 ευρ
1060 1129 1100 1167 in
1125 1130 1267 1169 Parthis
1293 1131 1435 1170 alicubi
1466 1132 1504 1169 se

225 1191 535 1239 occultaverant,
566 1191 614 1230 ad
635 1190 831 1231 Tiberium
863 1191 1016 1230 remisit.
1055 1192 1184 1241 MaJ'or
1205 1205 1248 1232 ea
1278 1193 1408 1233 laetitia
1432 1196 1506 1234 Au⁴¹

227 1253 335 1304 gusto
362 1253 460 1300 fuit3
489 1265 545 1291 res
573 1251 665 1291 olim
688 1252 836 1291 amissas
869 1255 963 1292 citra
985 1262 1206 1304 certamen,
1239 1256 1316 1295 sola
1339 1258 1505 1297 nominis

225 1314 282 1353 sui
307 1313 574 1363 magnitudine
592 1312 810 1362 recipienti,
828 1327 945 1363 quam
967 1315 992 1353 si
1015 1315 1116 1354 bello
1132 1316 1323 1357 Parthiam
1343 1317 1508 1372 superaf-

225 1375 292 1414 set.
327 1378 491 1415 Aut-“tum
518 1375 607 1413 dein
632 1375 775 1424 decus‘,
807 1376 907 1416 ultro
929 1377 1026 1416 filios
1046 1378 1131 1417 suos
1158 1380 1391 1431 nepotesque
1414 1383 1505 1420 mit-

226 1445 334 1476 tente
361 1436 522 1475 barbaro
544 1465 555 1484 ‚
588 1449 634 1475 ac
665 1435 724 1474 his
751 1437 945 1477 obsidibus
970 1438 1146 1479 firmante
1174 1441 1349 1480 amicitiae
1372 1442 1502 1481 fidem.

229 1501 385 1541 Constat
413 1508 566 1546 tamen,
592 1499 634 1538 id
664 1501 786 1550 magis
823 1499 975 1540 suorum
1008 1512 1139 1551 metu,
1169 1517 1284 1554 quam
1320 1505 1505 1544 Romanae

226 1562 437 1613 potentiae,
470 1560 625 1609 feciffe,
650 1574 697 1600 ne
727 1563 873 1602 Parthis
902 1576 947 1602 ex
977 1564 1237 1605 Arsacidarum
1262 1567 1364 1616 regia
1391 1566 1504 1617 stirpe

229 1625 247 1669 ζ
260 1621 322 1658 cui
349 1619 413 1658 uni
440 1628 547 1658 erant
568 1621 841 1676 addictissimi)
866 1636 1096 1675 quemquam
1121 1625 1366 1676 relinqueret,
1390 1640 1503 1677 quem

228 1694 358 1731 regem
387 1680 564 1720 adversus
601 1680 638 1720 fe
673 1695 798 1722 creare
831 1684 994 1735 poffent.
1030 1687 1177 1726 Vocato
1212 1688 1326 1737 igitur
1360 1688 1400 1726 in
1426 1689 1507 1728 col-

229 1742 404 1791 loquium
419 1740 576 1780 Tiberio
589 1773 600 1791 ,
613 1742 677 1792 qui
698 1752 779 1782 tum
795 1745 911 1794 Syriae
931 1748 965 1785 &
983 1747 1187 1796 provinciis
1206 1747 1372 1787 Orientis
1391 1761 1509 1798 praee-

227 1813 288 1843 rat
305 1833 316 1850 ‚
348 1804 595 1852 Sarospadem
612 1834 624 1852 ,
654 1805 936 1856 Cerospadmn,
964 1809 1190 1858 Phraatem,
1220 1812 1255 1850 ἃ
1278 1810 1477 1850 Vononem
1495 1842 1506 1850 .

228 1863 401 1914 legitimo
435 1866 683 1905 matrimonio
716 1868 891 1918 genitos,
926 1883 1013 1910 cum
1049 1872 1198 1911 duabus
1227 1872 1365 1912 horum
1405 1886 1502 1912 uxo-

229 1926 359 1973 ribus,
387 1926 471 1964 filiis
501 1937 661 1976 quatuor
687 1930 870 1969 tradidit:
909 1944 1003 1980 quos
1043 1934 1149 1982 regio
1187 1932 1291 1972 cultu
1324 1934 1506 1984 deinceps

231 1987 442 2037 Augustus,
472 1989 507 2027 ὃς
534 1989 617 2038 post
642 1989 744 2029 hunc
766 1990 970 2041 Tiberius,
994 1993 1124 2033 Romae
1145 1993 1372 2034 habuerunt.

286 2051 434 2090 XXIII.
470 2051 563 2090 Haec
591 2052 729 2102 igitur,
765 2053 828 2092 sed
856 2055 1020 2094 maxime
1057 2056 1156 2106 signa
1191 2066 1362 2107 recepta,
1392 2058 1506 2097 variis

232 2111 371 2151 laetitiae
408 2112 631 2151 testimoniis
665 2114 876 2164 celebrata,
911 2118 1076 2157 nummis
1107 2130 1262 2168 quoque
1298 2118 1503 2158 transmissa

233 2175 282 2212 ad
320 2173 488 2223 posteros
520 2175 701 2213 memoria
731 2188 740 2215 :
788 2190 947 2225 quorum
989 2191 1093 2217 nunc
1131 2192 1284 2229 quoque
1310 2178 1505 2229 supersunt

232 2235 360 2283 multi.
397 2236 528 2275 Romae
551 2236 846 2287 supplicationes
871 2240 1032 2279 decrctae
1065 2240 1168 2280 Diis:
1199 2241 1324 2281 ovatio
1349 2239 1503 2288 Caesari,

233 2298 436 2348 currusque
466 2300 721 2351 triumphalis.
752 2315 843 2343 mox
877 2305 913 2343 ὃς
941 2303 1128 2354 templum
1158 2304 1273 2344 Marti
1296 2304 1506 2343 structum³

283 2427 305 2467 Ε
329 2427 420 2461 XXI.
452 2431 569 2464 Euseb.
602 2432 709 2465 Strab.
732 2435 756 2466 1.
783 2445 832 2467 ιι.
864 2434 886 2480 §
910 2435 1017 2468 xxm.
1042 2434 1161 2468 Euseb.
1184 2435 1263 2469 Dio.
1293 2434 1409 2468 Juffin.
1437 2447 1475 2475 42
1496 2463 1502 2472 ‚

236 2484 270 2548 ὲ·
286 2464 404 2549 δΤίῑέίῑι.
428 2476 568 2509 Sueten),
592 2477 625 2509 in
649 2479 736 2522 Aug.
762 2490 790 2513 c.
818 2490 870 2513 2¹.
897 2481 1018 2526 Vellej.
1043 2492 1079 2522 2,
1102 2490 1138 2522 9¹
1164 2479 1195 2512 ἃ
1217 2491 1267 2521 2²4·
1289 2481 1393 2513 strab.
1417 2482 1441 2514 1.
1469 2485 1501 2515 ¹.-

261 2526 269 2530 -
305 2530 313 2549 ι
343 2542 353 2553 ·
