1617 2963
118 177 503 226 10.1³R.su1>r>.
540 177 600 223 m
630 175 772 223 [οε.
800 177 903 224 mu.
936 178 1029 224 XL.
1063 177 1176 223 mv,
1235 176 1321 239 283

54 287 249 334 exercitu,
278 299 344 337 per
370 286 500 325 Cattos
529 284 577 323 ad
601 284 810 324 Suevorum
845 282 962 334 usque
992 283 1087 323 fines
1116 296 1254 333 magno
1277 282 1331 321 la-

59 345 153 389 bore
189 349 259 387 iter
290 349 462 399 aperuit:
489 346 593 388 haud
629 346 828 384 incruenta
859 345 1015 385 vietoria
1040 345 1243 396 superatis,
1265 344 1331 394 qui

57 420 312 450 occurrerant.

107 472 155 510 11.
196 473 289 511 Inde
327 480 400 510 tres
435 470 543 510 simul
581 466 826 509 validissimas
869 468 1068 515 nationes,
1098 465 1334 512 Cheruscos.

54 531 275 582 Suevosque
306 534 342 572 ἃ
374 532 591 572 Sicambros
628 532 805 577 adortus,
843 532 1003 569 nimiam
1042 530 1209 569 hostium
1240 528 1338 567 fidu-

58 595 160 632 ciam
196 594 452 634 calamitosam
488 594 573 644 ipsis
608 602 722 644 atque
757 593 1032 632 lacrimabilem
1069 593 1206 631 effecit.
1235 592 1338 631 Nam

55 654 137 702 illi,
165 657 452 695 centurionibus
478 656 611 705 viginti
639 655 796 694 barbaro
829 667 934 694 more
962 654 1133 693 metatis
1164 653 1210 692 ad
1240 664 1335 699 aras,

57 718 381 768 concrematil‘que
437 727 515 756 tam
545 726 686 756 certam
718 717 880 756 victoriae
914 716 1018 767 spem
1054 723 1335 766 conceperant,

60 787 131 827 ut,
152 778 269 819 divisa
296 780 337 819 in
368 779 598 819 antecessum
635 780 792 830 praeda,
829 778 1010 819 Cherusci
1050 790 1188 828 equos,
1224 775 1338 817 Suevi

59 853 193 880 aurum
230 844 266 882 ἃ
305 851 525 893 argentum,
570 842 758 882 Sicambri
804 843 977 892 captivos
1020 839 1086 879 fibi
1119 839 1339 889 desponde-

56 912 152 944 rent.
179 905 253 945 Sed
278 906 344 955 ipsi
359 937 371 953 ,
390 919 526 956 magna
545 919 670 956 pugna
685 906 796 952 victi,
819 904 930 954 seque
955 906 990 943 δέ
1016 902 1080 941 sua
1097 913 1186 940 cum
1210 900 1337 939 uxori-

58 967 130 1006 bus
158 967 359 1018 liberisque
386 969 659 1018 perdiderunt„
687 969 749 1018 qui
770 979 876 1006 more
898 966 1086 1006 Germano
1107 963 1224 1001 secuti
1252 962 1336 1001 suos

56 1029 101 1067 in
125 1029 301 1079 proelium
333 1040 513 1070 exeuntes
541 1030 705 1068 fuerant.
734 1029 803 1070 Res
837 1028 940 1066 foeda
966 1027 1091 1072 dictu,
1116 1026 1180 1064 sed
1211 1024 1259 1063 ad
1276 1024 1340 1062 de-

58 1090 343 1129 monstrandam
374 1090 523 1130 illarum
564 1092 734 1140 gentium
764 1087 1030 1128 incredibilem
1062 1087 1251 1125 feritatem
1283 1083 1340 1122 ef·

59 1152 181 1201 ficax,
207 1155 391 1201 traditur,
418 1153 598 1192 mulieres
634 1164 790 1201 eorum,
818 1165 905 1191 cum
931 1152 979 1190 ad
1008 1149 1168 1201 plaustra
1196 1148 1259 1186 sua
1288 1148 1341 1186 vi·

59 1215 182 1252 &ores
211 1213 420 1262 venissent,
448 1214 719 1253 deficientibus
745 1213 853 1258 telis,
878 1212 1042 1252 infantes
1068 1211 1207 1250 liberos
1233 1208 1341 1248 humi

60 1274 212 1314 collisos
237 1276 277 1314 in
299 1275 453 1314 adversa
483 1275 646 1314 hostium
674 1288 740 1314 ora
774 1274 920 1315 misisse.
1157 1268 1163 1272 ”

116 1337 182 1378 ΙΙΙ.
209 1339 256 1378 At
281 1338 446 1386 Drusus,
466 1339 646 1378 cedentes
672 1340 712 1377 in
736 1338 923 1388 penitiora
946 1338 1115 1387 gnaviter
1137 1333 1340 1380 insecutus,

60 1401 158 1440 inter
193 1400 379 1452 Visurgim
412 1403 446 1441 δε
477 1401 602 1441 Albim
631 1403 762 1440 omnia
788 1400 1067 1451 populabatur3
1099 1398 1228 1438 Albim
1251 1408 1344 1446 quoe

60 1475 135 1512 que
158 1464 399 1511 tranfiturus‚
426 1465 467 1502 ni
500 1476 556 1502 res
590 1475 677 1501 eum
714 1464 806 1500 mira
839 1462 1013 1512 quaedam
1043 1461 1077 1499 ἃ
1106 1459 1235 1496 minax
1265 1455 1341 1494 ob-

60 1524 139 1564 lata
166 1525 414 1566 deterruisset.
461 1526 632 1566 Barbarae
671 1525 839 1564 mulieris
876 1524 1044 1563 humana
1073 1520 1236 1571 amplior
1265 1518 1348 1569 spe-

63 1586 140 1625 cies
166 1586 319 1627 obviam
346 1587 468 1635 faeta,
497 1589 630 1625 tendere
658 1601 731 1626 eum
760 1587 852 1624 ultra
881 1584 1025 1625 Latinis
1050 1582 1174 1622 verbis
1205 1579 1344 1631 prohi-

62 1645 168 1685 buit:
189 1647 280 1685 hunc
303 1647 392 1685 enim
416 1648 450 1685 6»
475 1661 610 1699 operum
632 1646 706 1699 ejus
728 1645 762 1683 δ’
783 1646 864 1683 vita:
888 1645 1062 1683 terminum
1078 1643 1163 1694 sata
1177 1638 1344 1693 flatuiffe.

61 1708 146 1748 Nec
170 1707 278 1747 aliter
303 1711 439 1748 evenit.
479 1710 663 1747 continuo
693 1707 894 1758 regressus,
922 1706 1139 1756 priusquam
1163 1703 1338 1742 Rhenum

27 1798 33 1803 .
61 1768 288 1819 attingeret,
319 1770 418 1808 inter
449 1769 550 1808 hunc
587 1772 621 1809 Sc
647 1768 772 1809 Salam
813 1768 971 1815 fluvios,
1000 1768 1039 1805 in
1072 1765 1229 1810 aestivis,
1257 1774 1342 1812 quae

63 1832 241 1871 Scelerata
271 1832 362 1871 inde
394 1842 529 1872 vocata
568 1831 677 1881 sunt,
701 1840 864 1871 mortem
903 1831 1012 1870 obiit.
1040 1844 1106 1882 quo
1132 1840 1276 1878 tempore
1309 1825 1351 1863 δ”

64 1896 167 1946 ῙΕΨΜ
193 1895 283 1934 Circa
303 1895 414 1947 castra
435 1908 548 1946 vagos
576 1893 720 1946 ululaffe
748 1893 903 1932 tradunt
918 1923 931 1940 ,
953 1893 988 1931 ἐξ»
1005 1891 1156 1945 juvenes
1181 1889 1270 1925 duos
1283 1900 1347 1939 per

64 1959 177 1998 media
209 1959 418 1998 munimenta
458 1959 608 2010 equitare
642 1959 738 2010 visos
759 1973 771 1997 :
811 1956 1001 1995 muliebrem
1035 1955 1138 1993 etiam
1173 1951 1342 2006 ejulatum

63 2019 222 2057 auditum
234 2049 246 2066 ‚
265 2020 300 2058 ὃ·
309 2019 454 2071 speciem
469 2020 506 2056 in
529 2018 610 2057 coelo
632 2017 933 2070 transcurrentium
947 2016 1123 2069 stellarum
1140 2011 1343 2066 apparuzſje.

117 2078 182 2119 IV.
216 2079 274 2119 De
306 2093 441 2131 genere
467 2080 598 2121 mortis
628 2078 732 2118 haud
755 2078 890 2117 similia
917 2077 1123 2116 traduntur.
1153 2074 1218 2111 Ex
1242 2070 1342 2122 lapsu

65 2140 144 2193 equi
165 2154 242 2179 crus
257 2141 414 2193 fhgff,
439 2142 595 2191 quidam
620 2140 816 2188 scribunt3
841 2141 920 2179 inde
935 2140 1132 2191 tricesimum
1153 2148 1232 2174 ante
1254 2135 1343 2172 diem

67 2201 238 2252 decffffi.
266 2203 395 2241 Morbo
411 2203 592 2255 solutum,
611 2201 672 2241 alii
697 2210 873 2249 narrant3
896 2200 1015 2251 qualis
1036 2200 1100 2239 ille
1125 2197 1260 2244 fuerit,
1276 2203 1343 2234 aut

68 2263 172 2301 unde
199 2262 411 2312 profectus,
434 2265 649 2302 reticentes.
682 2264 764 2302 Nec
795 2262 1024 2309 defuerunt,
1054 2261 1119 2312 qui
1149 2258 1268 2298 scelus
1289 2256 1341 2295 vi-

68 2324 157 2362 trici
179 2321 478 2373 suspicarentur:
510 2324 616 2373 quod
650 2324 747 2362 mira
776 2324 957 2364 comitate
990 2323 1162 2374 juvenis,
1189 2320 1214 2358 si
1237 2330 1346 2369 repe-

118 2440 140 2483 §
173 2440 201 2473 1.
226 2440 314 2473 Flor.
339 2451 379 2480 4,
407 2450 457 2473 12.
483 2438 584 2473 Oros.
611 2440 651 2481 6,
676 2452 730 2474 2v.
761 2441 840 2474 Dio.
875 2441 897 2486 5
923 2441 964 2476 Π,
990 2441 1080 2474 flor.
1105 2439 1215 2474 Tacit.
1241 2436 1345 2473 Oros·

72 2484 214 2519 Sueton.
237 2485 259 2531 §
281 2485 340 2520 111.
366 2485 447 2519 Dio.
476 2486 617 2520 Sueton.
643 2487 749 2520 strab.
775 2487 797 2520 l.
823 2494 858 2526 7.
