<?xml version="1.0" encoding="UTF-8"?>
<!DOCTYPE html PUBLIC "-//W3C//DTD XHTML 1.0 Transitional//EN"
    "http://www.w3.org/TR/xhtml1/DTD/xhtml1-transitional.dtd">
<html xmlns="http://www.w3.org/1999/xhtml" xml:lang="en" lang="en">
 <head>
  <title>
</title>
<meta http-equiv="Content-Type" content="text/html;charset=utf-8" />
  <meta name='ocr-system' content='tesseract 3.04.00' />
  <meta name='ocr-capabilities' content='ocr_page ocr_carea ocr_par ocr_line ocrx_word'/>
</head>
<body>
  <div class='ocr_page' id='page_1' title='image "./historiarumlibri12livyuoft_0157.png"; bbox 0 0 1617 2963; ppageno 0'>
   <div class='ocr_carea' id='block_1_1' title="bbox 214 210 1329 275">
    <p class='ocr_par' dir='ltr' id='par_1_1' title="bbox 214 210 1329 275">
     <span class='ocr_line' id='line_1_1' title="bbox 214 210 1329 275; baseline -0.009 -16"><span class='ocrx_word' id='word_1_1' title='bbox 214 211 297 259; x_wconf 81' lang='lat' dir='ltr'>1N</span> <span class='ocrx_word' id='word_1_2' title='bbox 331 210 1149 259; x_wconf 70' lang='lat' dir='ltr'>LOC.L113.CXXX11-1L1V.</span> <span class='ocrx_word' id='word_1_3' title='bbox 1239 229 1329 275; x_wconf 22' lang='lat'>1491</span> 
     </span>
    </p>
   </div>
   <div class='ocr_carea' id='block_1_2' title="bbox 45 317 1339 1108">
    <p class='ocr_par' dir='ltr' id='par_1_2' title="bbox 45 317 1339 1108">
     <span class='ocr_line' id='line_1_2' title="bbox 54 317 1334 370; baseline -0.002 -10"><span class='ocrx_word' id='word_1_4' title='bbox 54 319 157 360; x_wconf 83' lang='lat' dir='ltr'><strong>Deos</strong></span> <span class='ocrx_word' id='word_1_5' title='bbox 184 319 418 367; x_wconf 80' lang='lat' dir='ltr'>credebant,</span> <span class='ocrx_word' id='word_1_6' title='bbox 446 318 575 369; x_wconf 80' lang='lat' dir='ltr'>pluvia</span> <span class='ocrx_word' id='word_1_7' title='bbox 605 317 796 368; x_wconf 81' lang='lat' dir='ltr'>sanguinis</span> <span class='ocrx_word' id='word_1_8' title='bbox 825 318 942 358; x_wconf 84' lang='lat' dir='ltr'>effusa</span> <span class='ocrx_word' id='word_1_9' title='bbox 971 318 1028 358; x_wconf 79' lang='lat' dir='ltr'>his</span> <span class='ocrx_word' id='word_1_10' title='bbox 1052 318 1169 366; x_wconf 80' lang='lat' dir='ltr'>locis,</span> <span class='ocrx_word' id='word_1_11' title='bbox 1194 319 1334 370; x_wconf 85' lang='lat' dir='ltr'>quibus</span> 
     </span>
     <span class='ocr_line' id='line_1_3' title="bbox 52 379 1330 432; baseline -0.001 -12"><span class='ocrx_word' id='word_1_12' title='bbox 52 394 102 420; x_wconf 86' lang='lat' dir='ltr'>ne</span> <span class='ocrx_word' id='word_1_13' title='bbox 133 390 237 432; x_wconf 82' lang='lat' dir='ltr'>gutta</span> <span class='ocrx_word' id='word_1_14' title='bbox 272 383 427 432; x_wconf 89' lang='lat' dir='ltr'>quidem</span> <span class='ocrx_word' id='word_1_15' title='bbox 460 393 564 430; x_wconf 84' lang='lat' dir='ltr'>aquae</span> <span class='ocrx_word' id='word_1_16' title='bbox 592 379 769 419; x_wconf 81' lang='lat' dir='ltr'>cecidiffe</span> <span class='ocrx_word' id='word_1_17' title='bbox 796 380 899 420; x_wconf 83' lang='lat' dir='ltr'>coelo</span> <span class='ocrx_word' id='word_1_18' title='bbox 932 381 1220 420; x_wconf 80' lang='lat' dir='ltr'>existimaretur.</span> <span class='ocrx_word' id='word_1_19' title='bbox 1255 382 1330 421; x_wconf 83' lang='lat' dir='ltr'>Ac·</span> 
     </span>
     <span class='ocr_line' id='line_1_4' title="bbox 52 440 1339 492; baseline 0.002 -13"><span class='ocrx_word' id='word_1_20' title='bbox 52 442 241 481; x_wconf 68' lang='lat' dir='ltr'>cesserunt</span> <span class='ocrx_word' id='word_1_21' title='bbox 266 456 368 482; x_wconf 86' lang='lat' dir='ltr'>arma</span> <span class='ocrx_word' id='word_1_22' title='bbox 396 441 502 481; x_wconf 79' lang='lat' dir='ltr'>fimul</span> <span class='ocrx_word' id='word_1_23' title='bbox 536 440 739 490; x_wconf 61' lang='lat' dir='ltr'>conspeeta</span> <span class='ocrx_word' id='word_1_24' title='bbox 766 441 804 480; x_wconf 87' lang='lat' dir='ltr'>in</span> <span class='ocrx_word' id='word_1_25' title='bbox 836 441 998 481; x_wconf 88' lang='lat' dir='ltr'>navibus</span> <span class='ocrx_word' id='word_1_26' title='bbox 1015 473 1026 490; x_wconf 91' lang='lat'>‚</span> <span class='ocrx_word' id='word_1_27' title='bbox 1057 441 1339 492; x_wconf 74' lang='lat' dir='ltr'>exauditufque</span> 
     </span>
     <span class='ocr_line' id='line_1_5' title="bbox 54 501 1332 555; baseline 0.002 -14"><span class='ocrx_word' id='word_1_28' title='bbox 54 513 326 554; x_wconf 82' lang='lat' dir='ltr'>tympanorum</span> <span class='ocrx_word' id='word_1_29' title='bbox 346 505 380 542; x_wconf 64' lang='grc' dir='ltr'>ἃ</span> <span class='ocrx_word' id='word_1_30' title='bbox 398 501 659 555; x_wconf 82' lang='lat' dir='ltr'>cymbalorum</span> <span class='ocrx_word' id='word_1_31' title='bbox 686 502 820 551; x_wconf 84' lang='lat' dir='ltr'>sonus,</span> <span class='ocrx_word' id='word_1_32' title='bbox 846 505 881 542; x_wconf 69' lang='grc' dir='ltr'>δε</span> <span class='ocrx_word' id='word_1_33' title='bbox 906 503 1027 553; x_wconf 80' lang='lat' dir='ltr'>qualis</span> <span class='ocrx_word' id='word_1_34' title='bbox 1054 503 1258 543; x_wconf 85' lang='lat' dir='ltr'>fistularum</span> <span class='ocrx_word' id='word_1_35' title='bbox 1285 516 1332 543; x_wconf 79' lang='lat' dir='ltr'>ac</span> 
     </span>
     <span class='ocr_line' id='line_1_6' title="bbox 45 563 1337 616; baseline 0.003 -13"><span class='ocrx_word' id='word_1_36' title='bbox 45 565 231 604; x_wconf 85' lang='lat' dir='ltr'>¹tubarum</span> <span class='ocrx_word' id='word_1_37' title='bbox 253 575 443 605; x_wconf 75' lang='lat' dir='ltr'>concentu</span> <span class='ocrx_word' id='word_1_38' title='bbox 473 565 669 603; x_wconf 87' lang='lat' dir='ltr'>excitatur.</span> <span class='ocrx_word' id='word_1_39' title='bbox 708 563 833 602; x_wconf 87' lang='lat' dir='ltr'>Draco</span> <span class='ocrx_word' id='word_1_40' title='bbox 860 566 975 607; x_wconf 84' lang='lat' dir='ltr'>etiam</span> <span class='ocrx_word' id='word_1_41' title='bbox 1010 564 1134 604; x_wconf 81' lang='lat' dir='ltr'>subito</span> <span class='ocrx_word' id='word_1_42' title='bbox 1162 568 1337 616; x_wconf 78' lang='lat' dir='ltr'>apparuit:</span> 
     </span>
     <span class='ocr_line' id='line_1_7' title="bbox 52 622 1335 670; baseline 0.002 -7"><span class='ocrx_word' id='word_1_43' title='bbox 52 625 221 664; x_wconf 89' lang='lat' dir='ltr'>immane</span> <span class='ocrx_word' id='word_1_44' title='bbox 254 625 436 666; x_wconf 84' lang='lat' dir='ltr'>fibilans:</span> <span class='ocrx_word' id='word_1_45' title='bbox 473 626 508 663; x_wconf 70' lang='lat' dir='ltr'>Sc</span> <span class='ocrx_word' id='word_1_46' title='bbox 540 632 699 663; x_wconf 83' lang='lat' dir='ltr'>cometae</span> <span class='ocrx_word' id='word_1_47' title='bbox 723 625 762 662; x_wconf 90' lang='lat' dir='ltr'>in</span> <span class='ocrx_word' id='word_1_48' title='bbox 794 622 919 670; x_wconf 87' lang='lat' dir='ltr'>coelo,</span> <span class='ocrx_word' id='word_1_49' title='bbox 952 623 1060 664; x_wconf 88' lang='lat' dir='ltr'>humi</span> <span class='ocrx_word' id='word_1_50' title='bbox 1093 638 1335 668; x_wconf 82' lang='lat' dir='ltr'>mortuorum</span> 
     </span>
     <span class='ocr_line' id='line_1_8' title="bbox 53 685 1337 737; baseline -0.002 -12"><span class='ocrx_word' id='word_1_51' title='bbox 53 686 197 737; x_wconf 70' lang='lat' dir='ltr'>spectra</span> <span class='ocrx_word' id='word_1_52' title='bbox 226 687 315 728; x_wconf 82' lang='lat' dir='ltr'>visa.</span> <span class='ocrx_word' id='word_1_53' title='bbox 353 688 569 727; x_wconf 86' lang='lat' dir='ltr'>Statuarum</span> <span class='ocrx_word' id='word_1_54' title='bbox 597 686 713 724; x_wconf 82' lang='lat' dir='ltr'>etiam</span> <span class='ocrx_word' id='word_1_55' title='bbox 743 687 778 725; x_wconf 71' lang='grc' dir='ltr'>ἅ</span> <span class='ocrx_word' id='word_1_56' title='bbox 807 685 1018 736; x_wconf 73' lang='lat' dir='ltr'>imaginum</span> <span class='ocrx_word' id='word_1_57' title='bbox 1049 688 1200 726; x_wconf 84' lang='lat' dir='ltr'>moestus</span> <span class='ocrx_word' id='word_1_58' title='bbox 1228 687 1337 737; x_wconf 80' lang='lat' dir='ltr'>aspe-</span> 
     </span>
     <span class='ocr_line' id='line_1_9' title="bbox 54 745 1336 797; baseline -0.002 -9"><span class='ocrx_word' id='word_1_59' title='bbox 54 750 135 788; x_wconf 69' lang='lat' dir='ltr'>etus</span> <span class='ocrx_word' id='word_1_60' title='bbox 164 749 216 787; x_wconf 86' lang='lat' dir='ltr'>est</span> <span class='ocrx_word' id='word_1_61' title='bbox 246 756 426 795; x_wconf 80' lang='lat' dir='ltr'>notatus3</span> <span class='ocrx_word' id='word_1_62' title='bbox 467 749 503 787; x_wconf 84' lang='lat'>&amp;</span> <span class='ocrx_word' id='word_1_63' title='bbox 533 746 622 797; x_wconf 78' lang='lat' dir='ltr'>Apis</span> <span class='ocrx_word' id='word_1_64' title='bbox 650 759 738 785; x_wconf 87' lang='lat' dir='ltr'>cum</span> <span class='ocrx_word' id='word_1_65' title='bbox 769 745 1009 785; x_wconf 83' lang='lat' dir='ltr'>lamentabili</span> <span class='ocrx_word' id='word_1_66' title='bbox 1039 749 1185 797; x_wconf 82' lang='lat' dir='ltr'>mugitu</span> <span class='ocrx_word' id='word_1_67' title='bbox 1223 747 1336 786; x_wconf 85' lang='lat' dir='ltr'>lacri-</span> 
     </span>
     <span class='ocr_line' id='line_1_10' title="bbox 53 808 1336 858; baseline 0 -9"><span class='ocrx_word' id='word_1_68' title='bbox 53 824 134 849; x_wconf 82' lang='lat' dir='ltr'>mas</span> <span class='ocrx_word' id='word_1_69' title='bbox 162 811 336 850; x_wconf 88' lang='lat' dir='ltr'>fundens.</span> <span class='ocrx_word' id='word_1_70' title='bbox 385 809 563 851; x_wconf 89' lang='lat' dir='ltr'>Ceterum</span> <span class='ocrx_word' id='word_1_71' title='bbox 593 809 674 848; x_wconf 82' lang='lat' dir='ltr'>haec</span> <span class='ocrx_word' id='word_1_72' title='bbox 704 810 863 849; x_wconf 64' lang='lat' dir='ltr'>victoria</span> <span class='ocrx_word' id='word_1_73' title='bbox 893 821 971 847; x_wconf 89' lang='lat' dir='ltr'>non</span> <span class='ocrx_word' id='word_1_74' title='bbox 1003 808 1336 858; x_wconf 77' lang='lat' dir='ltr'>opulentiffimum</span> 
     </span>
     <span class='ocr_line' id='line_1_11' title="bbox 53 871 1333 923; baseline -0.002 -12"><span class='ocrx_word' id='word_1_75' title='bbox 53 873 171 912; x_wconf 89' lang='lat' dir='ltr'>modo</span> <span class='ocrx_word' id='word_1_76' title='bbox 204 885 364 923; x_wconf 87' lang='lat' dir='ltr'>regnum</span> <span class='ocrx_word' id='word_1_77' title='bbox 393 871 569 911; x_wconf 87' lang='lat' dir='ltr'>Romano</span> <span class='ocrx_word' id='word_1_78' title='bbox 595 871 738 920; x_wconf 83' lang='lat' dir='ltr'>adjecit</span> <span class='ocrx_word' id='word_1_79' title='bbox 766 871 954 921; x_wconf 88' lang='lat' dir='ltr'>imperio,</span> <span class='ocrx_word' id='word_1_80' title='bbox 982 873 1090 920; x_wconf 81' lang='lat' dir='ltr'>cujus</span> <span class='ocrx_word' id='word_1_81' title='bbox 1119 883 1139 909; x_wconf 90' lang='lat' dir='ltr'>e</span> <span class='ocrx_word' id='word_1_82' title='bbox 1169 871 1333 921; x_wconf 57' lang='lat' dir='ltr'>vestiga-2</span> 
     </span>
     <span class='ocr_line' id='line_1_12' title="bbox 50 932 1334 981; baseline -0.003 -9"><span class='ocrx_word' id='word_1_83' title='bbox 50 933 152 973; x_wconf 83' lang='lat' dir='ltr'>libus</span> <span class='ocrx_word' id='word_1_84' title='bbox 187 934 415 973; x_wconf 84' lang='lat' dir='ltr'>tantundem</span> <span class='ocrx_word' id='word_1_85' title='bbox 455 932 576 971; x_wconf 82' lang='lat' dir='ltr'>ferme</span> <span class='ocrx_word' id='word_1_86' title='bbox 611 932 752 970; x_wconf 82' lang='lat' dir='ltr'>rediret</span> <span class='ocrx_word' id='word_1_87' title='bbox 782 934 831 970; x_wconf 88' lang='lat' dir='ltr'>ad</span> <span class='ocrx_word' id='word_1_88' title='bbox 868 932 1066 980; x_wconf 67' lang='lat' dir='ltr'>zetarium,</span> <span class='ocrx_word' id='word_1_89' title='bbox 1098 939 1284 981; x_wconf 82' lang='lat' dir='ltr'>quantum</span> <span class='ocrx_word' id='word_1_90' title='bbox 1311 943 1334 969; x_wconf 78' lang='lat' dir='ltr'>a</span> 
     </span>
     <span class='ocr_line' id='line_1_13' title="bbox 50 989 1336 1045; baseline -0.003 -11"><span class='ocrx_word' id='word_1_91' title='bbox 50 1004 154 1045; x_wconf 82' lang='lat' dir='ltr'>patre</span> <span class='ocrx_word' id='word_1_92' title='bbox 171 995 312 1035; x_wconf 85' lang='lat' dir='ltr'>Caesare</span> <span class='ocrx_word' id='word_1_93' title='bbox 331 995 478 1034; x_wconf 71' lang='lat' dir='ltr'>devicta</span> <span class='ocrx_word' id='word_1_94' title='bbox 493 994 612 1034; x_wconf 86' lang='lat' dir='ltr'>Gallia</span> <span class='ocrx_word' id='word_1_95' title='bbox 638 993 860 1043; x_wconf 77' lang='lat' dir='ltr'>praestabat3</span> <span class='ocrx_word' id='word_1_96' title='bbox 890 989 1021 1032; x_wconf 89' lang='lat' dir='ltr'>verum</span> <span class='ocrx_word' id='word_1_97' title='bbox 1046 994 1162 1032; x_wconf 88' lang='lat' dir='ltr'>etiam</span> <span class='ocrx_word' id='word_1_98' title='bbox 1179 994 1218 1031; x_wconf 89' lang='lat' dir='ltr'>in</span> <span class='ocrx_word' id='word_1_99' title='bbox 1239 1004 1336 1042; x_wconf 87' lang='lat' dir='ltr'>prae-</span> 
     </span>
     <span class='ocr_line' id='line_1_14' title="bbox 48 1054 1122 1108; baseline -0.001 -13"><span class='ocrx_word' id='word_1_100' title='bbox 48 1057 166 1096; x_wconf 70' lang='lat' dir='ltr'>sentia</span> <span class='ocrx_word' id='word_1_101' title='bbox 198 1056 457 1108; x_wconf 69' lang='lat' dir='ltr'>copiosissimis</span> <span class='ocrx_word' id='word_1_102' title='bbox 489 1055 619 1106; x_wconf 80' lang='lat' dir='ltr'>spoliis</span> <span class='ocrx_word' id='word_1_103' title='bbox 645 1054 893 1105; x_wconf 84' lang='lat' dir='ltr'>locupletavit</span> <span class='ocrx_word' id='word_1_104' title='bbox 923 1054 1122 1095; x_wconf 73' lang='lat' dir='ltr'>Caesarem.</span> 
     </span>
    </p>
   </div>
   <div class='ocr_carea' id='block_1_3' title="bbox 45 1123 1340 2243">
    <p class='ocr_par' dir='ltr' id='par_1_3' title="bbox 45 1123 1340 2038">
     <span class='ocr_line' id='line_1_15' title="bbox 106 1123 1331 1175; baseline -0.003 -9"><span class='ocrx_word' id='word_1_105' title='bbox 106 1126 250 1167; x_wconf 85' lang='lat' dir='ltr'>LXIX.</span> <span class='ocrx_word' id='word_1_106' title='bbox 291 1127 390 1166; x_wconf 87' lang='lat' dir='ltr'>Nam</span> <span class='ocrx_word' id='word_1_107' title='bbox 420 1134 553 1175; x_wconf 76' lang='lat' dir='ltr'>praeter</span> <span class='ocrx_word' id='word_1_108' title='bbox 580 1124 742 1165; x_wconf 79' lang='lat' dir='ltr'>vetustas</span> <span class='ocrx_word' id='word_1_109' title='bbox 774 1123 953 1170; x_wconf 85' lang='lat' dir='ltr'>divitias,</span> <span class='ocrx_word' id='word_1_110' title='bbox 986 1123 1175 1174; x_wconf 82' lang='lat' dir='ltr'>quidquid</span> <span class='ocrx_word' id='word_1_111' title='bbox 1207 1136 1331 1173; x_wconf 80' lang='lat' dir='ltr'>nuper</span> 
     </span>
     <span class='ocr_line' id='line_1_16' title="bbox 53 1185 1335 1240; baseline -0.006 -10"><span class='ocrx_word' id='word_1_112' title='bbox 53 1189 254 1240; x_wconf 82' lang='lat' dir='ltr'>Cleopatra</span> <span class='ocrx_word' id='word_1_113' title='bbox 277 1188 506 1237; x_wconf 74' lang='lat' dir='ltr'>corraserat²</span> <span class='ocrx_word' id='word_1_114' title='bbox 524 1189 562 1226; x_wconf 89' lang='lat' dir='ltr'>in</span> <span class='ocrx_word' id='word_1_115' title='bbox 593 1186 775 1226; x_wconf 80' lang='lat' dir='ltr'>thesauris</span> <span class='ocrx_word' id='word_1_116' title='bbox 814 1194 1018 1237; x_wconf 87' lang='lat' dir='ltr'>repertum.</span> <span class='ocrx_word' id='word_1_117' title='bbox 1047 1186 1226 1225; x_wconf 81' lang='lat' dir='ltr'>Praeterea</span> <span class='ocrx_word' id='word_1_118' title='bbox 1250 1185 1335 1236; x_wconf 47' lang='lat' dir='ltr'>quia</span> 
     </span>
     <span class='ocr_line' id='line_1_17' title="bbox 54 1247 1330 1303; baseline -0.004 -13"><span class='ocrx_word' id='word_1_119' title='bbox 54 1252 124 1291; x_wconf 85' lang='lat' dir='ltr'>bus</span> <span class='ocrx_word' id='word_1_120' title='bbox 146 1251 263 1300; x_wconf 85' lang='lat' dir='ltr'>objici</span> <span class='ocrx_word' id='word_1_121' title='bbox 290 1251 498 1303; x_wconf 82' lang='lat' dir='ltr'>quidquam</span> <span class='ocrx_word' id='word_1_122' title='bbox 526 1257 727 1301; x_wconf 74' lang='lat' dir='ltr'>potuerat,</span> <span class='ocrx_word' id='word_1_123' title='bbox 751 1247 861 1287; x_wconf 84' lang='lat' dir='ltr'>bonis</span> <span class='ocrx_word' id='word_1_124' title='bbox 894 1249 1025 1288; x_wconf 75' lang='lat' dir='ltr'>exuti:</span> <span class='ocrx_word' id='word_1_125' title='bbox 1062 1249 1180 1288; x_wconf 85' lang='lat' dir='ltr'>etiam</span> <span class='ocrx_word' id='word_1_126' title='bbox 1211 1248 1330 1286; x_wconf 81' lang='lat' dir='ltr'>ceteri</span> 
     </span>
     <span class='ocr_line' id='line_1_18' title="bbox 51 1312 1333 1363; baseline -0.002 -11"><span class='ocrx_word' id='word_1_127' title='bbox 51 1314 227 1354; x_wconf 81' lang='lat' dir='ltr'>conferre</span> <span class='ocrx_word' id='word_1_128' title='bbox 260 1314 403 1353; x_wconf 82' lang='lat' dir='ltr'>beffem</span> <span class='ocrx_word' id='word_1_129' title='bbox 440 1314 526 1363; x_wconf 83' lang='lat' dir='ltr'>juffi</span> <span class='ocrx_word' id='word_1_130' title='bbox 565 1315 738 1353; x_wconf 80' lang='lat' dir='ltr'>omnium</span> <span class='ocrx_word' id='word_1_131' title='bbox 781 1312 1040 1361; x_wconf 83' lang='lat' dir='ltr'>facultatum,</span> <span class='ocrx_word' id='word_1_132' title='bbox 1072 1313 1124 1352; x_wconf 83' lang='lat' dir='ltr'>ita</span> <span class='ocrx_word' id='word_1_133' title='bbox 1161 1312 1333 1351; x_wconf 79' lang='lat' dir='ltr'>ditavere</span> 
     </span>
     <span class='ocr_line' id='line_1_19' title="bbox 51 1374 1335 1427; baseline -0.002 -12"><span class='ocrx_word' id='word_1_134' title='bbox 51 1377 261 1425; x_wconf 67' lang='lat' dir='ltr'>victorem,</span> <span class='ocrx_word' id='word_1_135' title='bbox 287 1385 351 1425; x_wconf 85' lang='lat' dir='ltr'>ut,</span> <span class='ocrx_word' id='word_1_136' title='bbox 384 1376 570 1427; x_wconf 89' lang='lat' dir='ltr'>quidquid</span> <span class='ocrx_word' id='word_1_137' title='bbox 596 1375 776 1415; x_wconf 83' lang='lat' dir='ltr'>omnibus</span> <span class='ocrx_word' id='word_1_138' title='bbox 805 1374 963 1425; x_wconf 88' lang='lat' dir='ltr'>usquam</span> <span class='ocrx_word' id='word_1_139' title='bbox 991 1374 1178 1414; x_wconf 84' lang='lat' dir='ltr'>militibus</span> <span class='ocrx_word' id='word_1_140' title='bbox 1211 1374 1335 1413; x_wconf 89' lang='lat' dir='ltr'>debe-</span> 
     </span>
     <span class='ocr_line' id='line_1_20' title="bbox 51 1435 1330 1491; baseline -0.002 -13"><span class='ocrx_word' id='word_1_141' title='bbox 51 1441 140 1487; x_wconf 82' lang='lat' dir='ltr'>bat,</span> <span class='ocrx_word' id='word_1_142' title='bbox 171 1439 260 1480; x_wconf 89' lang='lat' dir='ltr'>inde</span> <span class='ocrx_word' id='word_1_143' title='bbox 287 1439 541 1491; x_wconf 82' lang='lat' dir='ltr'>persolveret3</span> <span class='ocrx_word' id='word_1_144' title='bbox 575 1441 611 1478; x_wconf 61' lang='grc' dir='ltr'>ὃς</span> <span class='ocrx_word' id='word_1_145' title='bbox 641 1438 701 1478; x_wconf 84' lang='lat' dir='ltr'>his</span> <span class='ocrx_word' id='word_1_146' title='bbox 728 1437 904 1488; x_wconf 85' lang='lat' dir='ltr'>insuper,</span> <span class='ocrx_word' id='word_1_147' title='bbox 936 1451 1095 1488; x_wconf 87' lang='lat' dir='ltr'>quorum</span> <span class='ocrx_word' id='word_1_148' title='bbox 1123 1437 1199 1475; x_wconf 89' lang='lat' dir='ltr'>hoc</span> <span class='ocrx_word' id='word_1_149' title='bbox 1225 1435 1330 1476; x_wconf 84' lang='lat' dir='ltr'>bello</span> 
     </span>
     <span class='ocr_line' id='line_1_21' title="bbox 53 1497 1330 1551; baseline -0.003 -12"><span class='ocrx_word' id='word_1_150' title='bbox 53 1499 139 1539; x_wconf 81' lang='lat' dir='ltr'>usus</span> <span class='ocrx_word' id='word_1_151' title='bbox 169 1512 283 1550; x_wconf 88' lang='lat' dir='ltr'>opera</span> <span class='ocrx_word' id='word_1_152' title='bbox 313 1508 416 1548; x_wconf 87' lang='lat' dir='ltr'>erat,</span> <span class='ocrx_word' id='word_1_153' title='bbox 451 1500 621 1539; x_wconf 87' lang='lat' dir='ltr'>ducenos</span> <span class='ocrx_word' id='word_1_154' title='bbox 649 1500 936 1551; x_wconf 82' lang='lat' dir='ltr'>quinquagenos</span> <span class='ocrx_word' id='word_1_155' title='bbox 971 1497 1149 1537; x_wconf 84' lang='lat' dir='ltr'>denarios</span> <span class='ocrx_word' id='word_1_156' title='bbox 1180 1497 1330 1536; x_wconf 80' lang='lat' dir='ltr'>divide-</span> 
     </span>
     <span class='ocr_line' id='line_1_22' title="bbox 52 1559 1334 1612; baseline -0.004 -12"><span class='ocrx_word' id='word_1_157' title='bbox 52 1571 133 1609; x_wconf 81' lang='lat' dir='ltr'>ret,</span> <span class='ocrx_word' id='word_1_158' title='bbox 167 1575 242 1611; x_wconf 87' lang='lat' dir='ltr'>quo</span> <span class='ocrx_word' id='word_1_159' title='bbox 270 1561 434 1612; x_wconf 83' lang='lat' dir='ltr'>direptio</span> <span class='ocrx_word' id='word_1_160' title='bbox 465 1562 566 1601; x_wconf 84' lang='lat' dir='ltr'>urbis</span> <span class='ocrx_word' id='word_1_161' title='bbox 601 1571 842 1601; x_wconf 88' lang='lat' dir='ltr'>averteretur.</span> <span class='ocrx_word' id='word_1_162' title='bbox 884 1561 1053 1600; x_wconf 85' lang='lat' dir='ltr'>Grandes</span> <span class='ocrx_word' id='word_1_163' title='bbox 1086 1561 1199 1599; x_wconf 83' lang='lat' dir='ltr'>etiam</span> <span class='ocrx_word' id='word_1_164' title='bbox 1232 1559 1334 1599; x_wconf 60' lang='lat' dir='ltr'>sum„</span> 
     </span>
     <span class='ocr_line' id='line_1_23' title="bbox 52 1621 1331 1674; baseline -0.002 -11"><span class='ocrx_word' id='word_1_165' title='bbox 52 1637 131 1663; x_wconf 83' lang='lat' dir='ltr'>mas</span> <span class='ocrx_word' id='word_1_166' title='bbox 153 1630 350 1674; x_wconf 84' lang='lat' dir='ltr'>acceperat</span> <span class='ocrx_word' id='word_1_167' title='bbox 370 1632 516 1662; x_wconf 89' lang='lat' dir='ltr'>mutuo.</span> <span class='ocrx_word' id='word_1_168' title='bbox 556 1636 600 1663; x_wconf 87' lang='lat' dir='ltr'>ea</span> <span class='ocrx_word' id='word_1_169' title='bbox 627 1625 758 1662; x_wconf 88' lang='lat' dir='ltr'>omnia</span> <span class='ocrx_word' id='word_1_170' title='bbox 784 1622 874 1661; x_wconf 87' lang='lat' dir='ltr'>hinc</span> <span class='ocrx_word' id='word_1_171' title='bbox 895 1624 1087 1672; x_wconf 58' lang='lat' dir='ltr'>expuncta</span> <span class='ocrx_word' id='word_1_172' title='bbox 1113 1621 1266 1661; x_wconf 84' lang='lat' dir='ltr'>debita:</span> <span class='ocrx_word' id='word_1_173' title='bbox 1293 1623 1331 1661; x_wconf 72' lang='grc' dir='ltr'>δε</span> 
     </span>
     <span class='ocr_line' id='line_1_24' title="bbox 54 1682 1340 1734; baseline -0.004 -10"><span class='ocrx_word' id='word_1_174' title='bbox 54 1685 290 1725; x_wconf 82' lang='lat' dir='ltr'>senatoribus</span> <span class='ocrx_word' id='word_1_175' title='bbox 316 1698 359 1723; x_wconf 89' lang='lat' dir='ltr'>ac</span> <span class='ocrx_word' id='word_1_176' title='bbox 388 1684 577 1734; x_wconf 87' lang='lat' dir='ltr'>equitibus</span> <span class='ocrx_word' id='word_1_177' title='bbox 599 1684 762 1723; x_wconf 63' lang='lat' dir='ltr'>victoriae</span> <span class='ocrx_word' id='word_1_178' title='bbox 791 1683 900 1722; x_wconf 88' lang='lat' dir='ltr'>sociis</span> <span class='ocrx_word' id='word_1_179' title='bbox 933 1684 1101 1733; x_wconf 84' lang='lat' dir='ltr'>ingentia</span> <span class='ocrx_word' id='word_1_180' title='bbox 1131 1682 1233 1721; x_wconf 88' lang='lat' dir='ltr'>dona</span> <span class='ocrx_word' id='word_1_181' title='bbox 1265 1682 1340 1721; x_wconf 47' lang='lat' dir='ltr'>da&lt;</span> 
     </span>
     <span class='ocr_line' id='line_1_25' title="bbox 45 1743 1336 1798; baseline -0.004 -12"><span class='ocrx_word' id='word_1_182' title='bbox 45 1757 111 1795; x_wconf 56' lang='grc' dir='ltr'>τες</span> <span class='ocrx_word' id='word_1_183' title='bbox 137 1747 417 1798; x_wconf 62' lang='grc' dir='ltr'>[υρεῑῗυίῑςυε,</span> <span class='ocrx_word' id='word_1_184' title='bbox 441 1749 543 1787; x_wconf 86' lang='lat' dir='ltr'>unde</span> <span class='ocrx_word' id='word_1_185' title='bbox 560 1748 593 1786; x_wconf 83' lang='lat'>&amp;</span> <span class='ocrx_word' id='word_1_186' title='bbox 613 1747 782 1786; x_wconf 73' lang='lat' dir='ltr'>aerarium</span> <span class='ocrx_word' id='word_1_187' title='bbox 811 1754 1033 1797; x_wconf 83' lang='lat' dir='ltr'>augeretur,</span> <span class='ocrx_word' id='word_1_188' title='bbox 1053 1747 1088 1785; x_wconf 66' lang='grc' dir='ltr'>ὃς</span> <span class='ocrx_word' id='word_1_189' title='bbox 1113 1744 1233 1784; x_wconf 87' lang='lat' dir='ltr'>multa</span> <span class='ocrx_word' id='word_1_190' title='bbox 1251 1743 1336 1795; x_wconf 81' lang='lat' dir='ltr'>pas.</span> 
     </span>
     <span class='ocr_line' id='line_1_26' title="bbox 54 1809 1330 1859; baseline -0.001 -9"><span class='ocrx_word' id='word_1_191' title='bbox 54 1812 119 1850; x_wconf 77' lang='lat' dir='ltr'>sim</span> <span class='ocrx_word' id='word_1_192' title='bbox 147 1811 306 1851; x_wconf 87' lang='lat' dir='ltr'>delubra</span> <span class='ocrx_word' id='word_1_193' title='bbox 331 1810 439 1850; x_wconf 89' lang='lat' dir='ltr'>novis</span> <span class='ocrx_word' id='word_1_194' title='bbox 475 1811 641 1850; x_wconf 79' lang='lat' dir='ltr'>donariis</span> <span class='ocrx_word' id='word_1_195' title='bbox 666 1809 904 1850; x_wconf 87' lang='lat' dir='ltr'>nitescerent.</span> <span class='ocrx_word' id='word_1_196' title='bbox 944 1810 1031 1859; x_wconf 84' lang='lat' dir='ltr'>Quo</span> <span class='ocrx_word' id='word_1_197' title='bbox 1058 1817 1188 1855; x_wconf 80' lang='lat' dir='ltr'>autem</span> <span class='ocrx_word' id='word_1_198' title='bbox 1212 1809 1330 1858; x_wconf 69' lang='lat' dir='ltr'>hujus</span> 
     </span>
     <span class='ocr_line' id='line_1_27' title="bbox 55 1869 1329 1921; baseline -0.004 -8"><span class='ocrx_word' id='word_1_199' title='bbox 55 1874 169 1913; x_wconf 81' lang='lat' dir='ltr'>etiam</span> <span class='ocrx_word' id='word_1_200' title='bbox 201 1873 368 1912; x_wconf 65' lang='lat' dir='ltr'>victoriae</span> <span class='ocrx_word' id='word_1_201' title='bbox 402 1871 627 1912; x_wconf 86' lang='lat' dir='ltr'>celebratior</span> <span class='ocrx_word' id='word_1_202' title='bbox 647 1871 686 1909; x_wconf 86' lang='lat' dir='ltr'>in</span> <span class='ocrx_word' id='word_1_203' title='bbox 719 1871 910 1921; x_wconf 86' lang='lat' dir='ltr'>posterum</span> <span class='ocrx_word' id='word_1_204' title='bbox 933 1870 1119 1908; x_wconf 84' lang='lat' dir='ltr'>memoria</span> <span class='ocrx_word' id='word_1_205' title='bbox 1145 1869 1267 1917; x_wconf 85' lang='lat' dir='ltr'>foret,</span> <span class='ocrx_word' id='word_1_206' title='bbox 1291 1869 1329 1908; x_wconf 61' lang='grc' dir='ltr'>δε</span> 
     </span>
     <span class='ocr_line' id='line_1_28' title="bbox 52 1928 1327 1986; baseline -0.005 -12"><span class='ocrx_word' id='word_1_207' title='bbox 52 1936 92 1974; x_wconf 75' lang='lat' dir='ltr'>in</span> <span class='ocrx_word' id='word_1_208' title='bbox 127 1936 291 1986; x_wconf 82' lang='lat' dir='ltr'>AEgypto</span> <span class='ocrx_word' id='word_1_209' title='bbox 325 1935 532 1986; x_wconf 86' lang='lat' dir='ltr'>Nicopolin</span> <span class='ocrx_word' id='word_1_210' title='bbox 568 1933 688 1974; x_wconf 73' lang='lat' dir='ltr'>Caesat</span> <span class='ocrx_word' id='word_1_211' title='bbox 721 1933 760 1972; x_wconf 92' lang='lat' dir='ltr'>in</span> <span class='ocrx_word' id='word_1_212' title='bbox 796 1931 883 1972; x_wconf 92' lang='lat' dir='ltr'>loco</span> <span class='ocrx_word' id='word_1_213' title='bbox 910 1943 1046 1982; x_wconf 83' lang='lat' dir='ltr'>pugnae</span> <span class='ocrx_word' id='word_1_214' title='bbox 1079 1930 1239 1978; x_wconf 83' lang='lat' dir='ltr'>struxit,</span> <span class='ocrx_word' id='word_1_215' title='bbox 1267 1928 1327 1968; x_wconf 86' lang='lat' dir='ltr'>lu-</span> 
     </span>
     <span class='ocr_line' id='line_1_29' title="bbox 55 1991 1194 2038; baseline -0.007 -1"><span class='ocrx_word' id='word_1_216' title='bbox 55 1999 110 2038; x_wconf 78' lang='lat' dir='ltr'>dis</span> <span class='ocrx_word' id='word_1_217' title='bbox 145 1999 260 2037; x_wconf 89' lang='lat' dir='ltr'>etiam</span> <span class='ocrx_word' id='word_1_218' title='bbox 296 1998 345 2036; x_wconf 89' lang='lat' dir='ltr'>ad</span> <span class='ocrx_word' id='word_1_219' title='bbox 383 1997 668 2038; x_wconf 79' lang='lat' dir='ltr'>similitudinem</span> <span class='ocrx_word' id='word_1_220' title='bbox 704 1994 942 2035; x_wconf 62' lang='lat' dir='ltr'>Iletiacorum</span> <span class='ocrx_word' id='word_1_221' title='bbox 973 1991 1194 2031; x_wconf 83' lang='lat' dir='ltr'>constitutis.</span> 
     </span>
    </p>

    <p class='ocr_par' dir='ltr' id='par_1_4' title="bbox 54 2057 1333 2243">
     <span class='ocr_line' id='line_1_30' title="bbox 120 2057 1329 2117; baseline -0.009 -8"><span class='ocrx_word' id='word_1_222' title='bbox 120 2067 247 2108; x_wconf 88' lang='lat' dir='ltr'><strong>LXX.</strong></span> <span class='ocrx_word' id='word_1_223' title='bbox 284 2067 332 2107; x_wconf 85' lang='lat' dir='ltr'>Et</span> <span class='ocrx_word' id='word_1_224' title='bbox 360 2080 435 2117; x_wconf 92' lang='lat' dir='ltr'>quo</span> <span class='ocrx_word' id='word_1_225' title='bbox 463 2064 626 2104; x_wconf 89' lang='lat' dir='ltr'>habilior</span> <span class='ocrx_word' id='word_1_226' title='bbox 656 2064 883 2113; x_wconf 86' lang='lat' dir='ltr'>uberiorque</span> <span class='ocrx_word' id='word_1_227' title='bbox 918 2062 965 2101; x_wconf 83' lang='lat' dir='ltr'>ad</span> <span class='ocrx_word' id='word_1_228' title='bbox 999 2072 1192 2099; x_wconf 83' lang='lat' dir='ltr'>annonam</span> <span class='ocrx_word' id='word_1_229' title='bbox 1224 2057 1329 2098; x_wconf 69' lang='lat' dir='ltr'>urbis.</span> 
     </span>
     <span class='ocr_line' id='line_1_31' title="bbox 54 2122 1333 2180; baseline -0.009 -12"><span class='ocrx_word' id='word_1_230' title='bbox 54 2130 333 2169; x_wconf 78' lang='lat' dir='ltr'>sustentandam</span> <span class='ocrx_word' id='word_1_231' title='bbox 352 2129 536 2180; x_wconf 80' lang='lat' dir='ltr'>AEgyptus</span> <span class='ocrx_word' id='word_1_232' title='bbox 558 2127 689 2176; x_wconf 82' lang='lat' dir='ltr'>fieret,</span> <span class='ocrx_word' id='word_1_233' title='bbox 719 2125 831 2165; x_wconf 84' lang='lat' dir='ltr'>foffas</span> <span class='ocrx_word' id='word_1_234' title='bbox 857 2124 960 2172; x_wconf 89' lang='lat' dir='ltr'>Nili,</span> <span class='ocrx_word' id='word_1_235' title='bbox 980 2136 1076 2174; x_wconf 83' lang='lat' dir='ltr'>quas</span> <span class='ocrx_word' id='word_1_236' title='bbox 1100 2123 1148 2161; x_wconf 89' lang='lat' dir='ltr'>ad</span> <span class='ocrx_word' id='word_1_237' title='bbox 1176 2122 1333 2171; x_wconf 48' lang='lat' dir='ltr'>irrigatio</span> 
     </span>
     <span class='ocr_line' id='line_1_32' title="bbox 54 2183 1331 2243; baseline -0.009 -12"><span class='ocrx_word' id='word_1_238' title='bbox 54 2193 124 2231; x_wconf 68' lang='lat' dir='ltr'>dos</span> <span class='ocrx_word' id='word_1_239' title='bbox 146 2205 253 2243; x_wconf 85' lang='lat' dir='ltr'>agros</span> <span class='ocrx_word' id='word_1_240' title='bbox 275 2191 519 2241; x_wconf 83' lang='lat' dir='ltr'>antiquiffimi</span> <span class='ocrx_word' id='word_1_241' title='bbox 553 2202 658 2237; x_wconf 71' lang='lat' dir='ltr'>reges</span> <span class='ocrx_word' id='word_1_242' title='bbox 686 2189 871 2228; x_wconf 74' lang='lat' dir='ltr'>duxerant</span> <span class='ocrx_word' id='word_1_243' title='bbox 887 2218 900 2234; x_wconf 92' lang='lat'>‚</span> <span class='ocrx_word' id='word_1_244' title='bbox 922 2186 1104 2225; x_wconf 84' lang='lat' dir='ltr'>vetustate</span> <span class='ocrx_word' id='word_1_245' title='bbox 1128 2183 1331 2222; x_wconf 78' lang='lat' dir='ltr'>oblimatas</span> 
     </span>
    </p>
   </div>
   <div class='ocr_carea' id='block_1_4' title="bbox 52 2243 1348 2361">
    <p class='ocr_par' dir='ltr' id='par_1_5' title="bbox 52 2243 1348 2361">
     <span class='ocr_line' id='line_1_33' title="bbox 52 2243 1331 2303; baseline -0.009 -11"><span class='ocrx_word' id='word_1_246' title='bbox 52 2254 182 2293; x_wconf 79' lang='lat' dir='ltr'>labore</span> <span class='ocrx_word' id='word_1_247' title='bbox 217 2253 383 2294; x_wconf 89' lang='lat' dir='ltr'>militum</span> <span class='ocrx_word' id='word_1_248' title='bbox 413 2253 592 2303; x_wconf 76' lang='lat' dir='ltr'>aperuit3</span> <span class='ocrx_word' id='word_1_249' title='bbox 621 2251 808 2301; x_wconf 89' lang='lat' dir='ltr'>novasque</span> <span class='ocrx_word' id='word_1_250' title='bbox 844 2249 938 2288; x_wconf 88' lang='lat' dir='ltr'>locis</span> <span class='ocrx_word' id='word_1_251' title='bbox 971 2246 1198 2299; x_wconf 83' lang='lat' dir='ltr'>quibusdam</span> <span class='ocrx_word' id='word_1_252' title='bbox 1224 2243 1331 2291; x_wconf 80' lang='lat' dir='ltr'>adje-</span> 
     </span>
     <span class='ocr_line' id='line_1_34' title="bbox 53 2308 1348 2361; baseline -0.007 -8"><span class='ocrx_word' id='word_1_253' title='bbox 53 2315 117 2353; x_wconf 80' lang='lat' dir='ltr'>cit.</span> <span class='ocrx_word' id='word_1_254' title='bbox 156 2315 237 2354; x_wconf 87' lang='lat' dir='ltr'>Hac</span> <span class='ocrx_word' id='word_1_255' title='bbox 263 2326 352 2353; x_wconf 86' lang='lat' dir='ltr'>cura</span> <span class='ocrx_word' id='word_1_256' title='bbox 385 2312 588 2361; x_wconf 70' lang='lat' dir='ltr'>effectum,</span> <span class='ocrx_word' id='word_1_257' title='bbox 615 2322 658 2351; x_wconf 88' lang='lat' dir='ltr'>ut</span> <span class='ocrx_word' id='word_1_258' title='bbox 687 2311 771 2349; x_wconf 85' lang='lat' dir='ltr'>urbi</span> <span class='ocrx_word' id='word_1_259' title='bbox 801 2322 925 2349; x_wconf 89' lang='lat' dir='ltr'>annua</span> <span class='ocrx_word' id='word_1_260' title='bbox 951 2308 1147 2349; x_wconf 80' lang='lat' dir='ltr'>ducenties</span> <span class='ocrx_word' id='word_1_261' title='bbox 1171 2312 1348 2344; x_wconf 79' lang='lat' dir='ltr'>centena.</span> 
     </span>
    </p>
   </div>
   <div class='ocr_carea' id='block_1_5' title="bbox 54 2366 1332 2423">
    <p class='ocr_par' dir='ltr' id='par_1_6' title="bbox 54 2366 1332 2423">
     <span class='ocr_line' id='line_1_35' title="bbox 54 2366 1332 2423; baseline -0.009 -7"><span class='ocrx_word' id='word_1_262' title='bbox 54 2376 173 2416; x_wconf 75' lang='lat' dir='ltr'>millia</span> <span class='ocrx_word' id='word_1_263' title='bbox 196 2377 416 2417; x_wconf 82' lang='lat' dir='ltr'>modiorum</span> <span class='ocrx_word' id='word_1_264' title='bbox 440 2374 621 2414; x_wconf 82' lang='lat' dir='ltr'>frumenti</span> <span class='ocrx_word' id='word_1_265' title='bbox 652 2373 901 2414; x_wconf 85' lang='lat' dir='ltr'>inferrentur:</span> <span class='ocrx_word' id='word_1_266' title='bbox 928 2385 1009 2423; x_wconf 81' lang='lat' dir='ltr'>quae</span> <span class='ocrx_word' id='word_1_267' title='bbox 1038 2370 1185 2409; x_wconf 75' lang='lat' dir='ltr'>summa</span> <span class='ocrx_word' id='word_1_268' title='bbox 1212 2366 1332 2411; x_wconf 68' lang='lat' dir='ltr'>ferme</span> 
     </span>
    </p>
   </div>
   <div class='ocr_carea' id='block_1_6' title="bbox 99 2500 1159 2611">
    <p class='ocr_par' dir='ltr' id='par_1_7' title="bbox 99 2500 1159 2611">
     <span class='ocr_line' id='line_1_36' title="bbox 99 2500 1159 2604; baseline -0.008 -59"><span class='ocrx_word' id='word_1_269' title='bbox 99 2507 122 2556; x_wconf 64' lang='grc' dir='ltr'>ἓ</span> <span class='ocrx_word' id='word_1_270' title='bbox 151 2507 301 2545; x_wconf 77' lang='lat' dir='ltr'>vaut.</span> <span class='ocrx_word' id='word_1_271' title='bbox 327 2507 408 2544; x_wconf 79' lang='lat' dir='ltr'>Dio.</span> <span class='ocrx_word' id='word_1_272' title='bbox 432 2506 555 2557; x_wconf 49' lang='lat' dir='ltr'>Vellei,</span> <span class='ocrx_word' id='word_1_273' title='bbox 578 2516 617 2540; x_wconf 39' lang='lat' dir='ltr'>2x</span> <span class='ocrx_word' id='word_1_274' title='bbox 644 2516 694 2548; x_wconf 70' lang='lat'>39,</span> <span class='ocrx_word' id='word_1_275' title='bbox 724 2505 745 2549; x_wconf 71' lang='grc' dir='ltr'><strong>ς</strong></span> <span class='ocrx_word' id='word_1_276' title='bbox 769 2503 889 2542; x_wconf 68' lang='lat' dir='ltr'>Lxrx.</span> <span class='ocrx_word' id='word_1_277' title='bbox 912 2504 1053 2604; x_wconf 48' lang='lat' dir='ltr'>SuetK.</span> <span class='ocrx_word' id='word_1_278' title='bbox 1074 2500 1159 2536; x_wconf 67' lang='lat' dir='ltr'>Dio,</span> 
     </span>
     <span class='ocr_line' id='line_1_37' title="bbox 1020 2557 1110 2611; baseline -0.011 1"><span class='ocrx_word' id='word_1_279' title='bbox 1020 2557 1037 2572; x_wconf 64' lang='lat'><em>⁷</em></span> <span class='ocrx_word' id='word_1_280' title='bbox 1090 2574 1110 2611; x_wconf 57' lang='lat' dir='ltr'>a</span> 
     </span>
    </p>
   </div>
  </div>
 </body>
</html>
