1617 2963
296 185 387 231 270
459 151 1474 218 JO.FR131NSHEM115UPPLEM;

348 276 410 315 IV.
444 274 546 314 Dum
574 271 625 310 ita
660 270 838 311 Tiberius
872 270 1037 311 success'u
1063 273 1296 325 praemiisque
1333 287 1489 325 operum
1522 285 1568 314 ac

292 337 467 377 laborum
505 332 713 378 attollitur,
747 333 851 372 haud
889 333 1014 372 minus
1048 333 1156 373 fratri
1186 337 1267 384 ejus
1294 335 1415 375 Druso
1442 337 1569 386 quaesi.

288 408 373 438 tum
411 399 527 437 decus
565 396 643 443 est,
680 394 876 435 Gallorum
909 394 1062 434 consilia
1094 398 1129 436 ἃ
1161 397 1440 436 Germanorum
1464 410 1570 437 arma

287 460 460 500 sollerter
485 457 708 508 fortiterque
738 457 944 497 coercenti.
983 457 1124 497 Census
1149 471 1270 509 nuper
1297 461 1402 498 aetus
1430 472 1451 498 a
1473 459 1569 498 Dru-

285 522 351 570 so,
373 534 489 572 quem
508 522 550 560 in
569 519 732 560 Galliam
750 520 932 570 Augustus
954 519 1042 558 ideo
1064 520 1237 569 miserat,
1258 529 1442 571 tanquam
1461 511 1568 561 haud

284 585 477 622 incertum
507 581 696 620 servitutis
729 590 1022 632 argumentum,
1059 580 1253 621 Gallorum
1287 583 1569 622 animos‘defi-

287 646 394 687 derio
415 657 539 684 rerum
562 656 744 682 novarum
764 643 1038 693 compleverat:
1058 642 1188 693 paffim
1205 674 1216 690 ,
1235 652 1277 683 ut
1301 642 1417 691 solet,
1441 657 1568 683 erum.

285 708 464 760 pentibus
490 706 653 745 indiciis.
689 706 740 744 Ea
769 705 934 752 fiducia,
975 707 1011 743 ἃ
1044 706 1150 755 quod
1181 705 1362 755 Augustus
1397 705 1569 745 discesse.

285 768 565 819 rat‚Sicambri
591 780 801 817 eorumque
832 765 952 813 socii,
980 767 1028 804 ad
1057 778 1255 816 utramque
1291 766 1417 806 Rheni
1441 768 1568 818 ripam

285 830 522 876 incolentes,
548 841 651 868 arma
666 861 676 877 ‚
698 827 883 877 neglectis
897 858 908 875 ,
927 839 1024 876 quos
1053 827 1260 874 dederant,
1279 827 1472 867 oblidibus
1486 841 1569 882 ,ref

286 892 504 933 sumserant.
530 893 578 930 At
605 890 764 938 Drusus,
790 899 871 928 tum
895 890 1032 928 festius
1056 890 1094 927 in
1119 889 1448 945 hosteslimpetum
1469 890 1568 930 verti

286 953 496 1002 ratus,ubi
527 952 716 991 sociorum
746 964 802 990 res
831 951 1049 1001 compositae
1082 950 1234 995 forent,
1268 965 1313 990 eo
1343 964 1472 992 curam
1506 953 1568 991 in-

285 1018 442 1057 tendere
478 1015 614 1065 coepit.
655 1013 911 1054 Commodum
944 1013 1097 1051 fortuna
1130 1013 1370 1052 occasionem
1404 1013 1568 1063 praebuit

286 1080 416 1120 omnia
440 1076 786 1129 circumspicienti,
821 1076 926 1126 quod
955 1074 1171 1115 absolutum
1201 1076 1354 1128 Augusti
1377 1076 1568 1127 templum

285 1141 403 1183 Gallis
427 1139 684 1180 communiter
712 1137 958 1189 praesentibus
979 1139 1115 1178 fuerat.

339 1213 382 1251 V.
408 1212 534 1260 Hujus
560 1211 607 1249 ad
633 1209 921 1249 dedicationem
947 1207 1094 1247 evocati
1119 1207 1333 1257 principes,
1361 1219 1448 1246 cum
1473 1220 1568 1259 prae„

287 1286 416 1316 textus
442 1273 721 1314 honestiffimus
746 1272 859 1320 effer,
886 1284 1010 1320 neque
1038 1272 1186 1310 detecta
1219 1270 1281 1308 sua
1309 1270 1461 1308 confiiia
1485 1270 1567 1310 sen.

284 1341 428 1387 tirent,
459 1336 631 1388 plerique
661 1349 794 1375 omnes
830 1336 1058 1385 Lugdunum
1098 1343 1393 1372 convenerunt:
1433 1333 1486 1371 ibi
1516 1333 1566 1372 ad

287 1401 522 1442 confluentes
549 1399 668 1439 Araris
691 1402 725 1437 ἃ
753 1396 954 1442 Rhodani,
980 1395 1047 1434 ubi
1070 1406 1173 1433 nune
1203 1393 1424 1432 coenobium
1449 1393 1566 1433 Athe-

283 1461 446 1503 nacense
470 1462 543 1508 est,
566 1461 769 1500 delubrum
793 1460 1000 1499 excitatum
1026 1468 1128 1506 erat,
1150 1469 1239 1496 cum
1256 1457 1386 1508 insigni
1406 1470 1490 1505 ara,
1507 1459 1565 1496 in„

282 1523 531 1574 scriptionem
570 1522 736 1562 habente
773 1521 967 1570 sexaginta
1003 1519 1201 1570 gentium,
1239 1533 1259 1558 a
1286 1519 1421 1568 quibus
1447 1520 1565 1559 etiam

283 1586 438 1637 fingulae
463 1586 590 1625 statuae
613 1585 652 1623 in
678 1585 815 1623 eodem
846 1582 991 1632 templo
1014 1582 1197 1621 dedicatae
1223 1580 1448 1620 visebantur.
1486 1580 1566 1632 spa.

280 1647 400 1687 tiosus
426 1647 565 1686 deinde
595 1646 699 1685 lacus
728 1646 998 1692 circumjeeius
1029 1642 1232 1682 claudebat
1260 1641 1401 1681 locum,
1449 1643 1566 1682 Hunc

280 1710 420 1749 annuis
442 1707 567 1755 ludis,
595 1716 708 1756 atque
732 1705 926 1748 rhetorum
957 1705 1070 1744 etiam
1100 1703 1370 1742 certaminibus
1396 1702 1563 1742 celebra,

281 1770 312 1808 ri
352 1767 507 1819 placuit.
556 1768 742 1808 Sacerdos
782 1780 803 1805 e
843 1766 1082 1817 principibus
1119 1766 1330 1806 AEduorum
1369 1765 1410 1805 C.
1437 1765 1562 1813 Julius

282 1829 662 1870 Vercondaridubius
692 1837 850 1868 creatus,
881 1828 981 1868 Inter
1007 1828 1106 1866 lianc
1131 1826 1384 1866 remiffionem
1406 1829 1562 1866 animo-

281 1905 393 1938 rum,
423 1903 512 1929 cum
537 1902 692 1938 operam
723 1888 881 1928 dedisset
897 1888 1037 1927 Drusus
1054 1919 1064 1934 ,
1091 1898 1158 1934 ut,
1188 1901 1282 1938 quos
1308 1887 1470 1937 suspicio
1487 1901 1563 1927 no·-

283 1964 422 1991 vorum
453 1950 696 1990 consiliorum
728 1950 965 1999 contigerat,
990 1949 1188 1998 plerosque
1216 1962 1349 1987 omnes
1375 1949 1415 1987 in
1446 1957 1561 1998 pote·

281 2012 375 2052 state
397 2011 577 2060 haberet,
599 2020 726 2050 motus
741 2040 752 2058 ,
769 2010 831 2060 qui
853 2009 1059 2048 timebatur
1083 2023 1103 2048 e
1119 2009 1261 2058 Gallia,
1289 2011 1382 2048 mira
1404 2020 1559 2060 repente

281 2074 557 2125 tranquillitate
588 2074 775 2113 consedit.

355 2145 420 2185 VI.
457 2145 662 2184 Suetonius
699 2143 956 2194 Lugdunensis
992 2156 1063 2182 arae
1099 2143 1381 2181 dedicationem
1414 2142 1462 2181 ad
1496 2141 1558 2181 se-

282 2215 442 2256 quentes
471 2204 644 2244 consules
668 2204 800 2252 Julum
828 2205 1036 2244 Antonium
1054 2234 1064 2251 ,
1089 2204 1130 2243 C.
1153 2204 1312 2244 Fabium
1328 2235 1338 2249 ,
1361 2205 1394 2241 ἃ
1418 2202 1556 2242 Kalen-

281 2269 349 2307 das
376 2266 555 2317 Augustas
576 2268 659 2313 ejus
687 2267 776 2305 anni
801 2265 950 2306 retulit:
978 2279 1052 2315 quo
1077 2268 1112 2304 ἂ
1136 2278 1269 2303 natum
1296 2264 1412 2303 Druso
1433 2263 1556 2303 filium

282 2338 432 2378 narrat,
461 2329 526 2380 qui
552 2328 692 2368 multos
722 2329 806 2379 post
832 2341 950 2368 annos
980 2329 1186 2378 imperator
1218 2328 1335 2366 factus
1363 2327 1425 2365 est.
1474 2327 1554 2376 Ego

283 2478 287 2481 -
328 2456 349 2501 ἓ
390 2456 452 2490 lv.
472 2456 552 2493 Dio.
580 2456 656 2491 LIV.
681 2455 774 2501 Epir.
799 2457 904 2495 Strab.
931 2457 953 2490 l.
977 2467 999 2497 4
1021 2455 1054 2489 ὅ(
1076 2465 1108 2497 7.
1136 2455 1157 2500 ξ
1185 2455 1228 2492 V.
1258 2454 1339 2489 Dio.
1366 2453 1439 2490 Liv.
1463 2453 1554 2498 Epir.

281 2510 389 2543 Str-ib.
1281 2527 1283 2530 -
