1617 2963
1257 190 1347 238 299

393 326 640 384 TITI
721 326 1024 383 LIVII

184 477 231 549 F
287 478 469 546 RA
527 476 590 544 G
645 475 724 542 M
778 475 831 542 E
894 475 957 544 N
1019 475 1223 546 TA:

305 640 465 652 η’-

396 757 432 802 L
482 758 501 801 Ι
550 756 583 801 Β
634 755 676 800 R
720 756 741 800 I
821 754 1014 801 XIV.

111 845 191 892 Ex
218 843 434 904 Prisciani
466 843 761 890 Grammaticae
792 845 885 891 Lib.
917 845 1021 890 XV.
1057 846 1133 890 col.
1173 851 1310 905 1009.

547 919 634 962 Ed.
666 916 872 977 Putsclzii.

134 1007 189 1051 M
199 1015 363 1051 ULTA
401 1018 535 1049 autem
574 1021 627 1049 ex
651 1003 786 1064 supra
827 1003 946 1047 diaeis
983 1003 1221 1047 nominibus
1257 1001 1350 1061 ipsa

68 1081 355 1126 terminatione
403 1079 566 1122 Dativi
599 1095 680 1137 pro
727 1078 930 1121 adverbiis
975 1078 1264 1136 accipiuntur,
1303 1090 1351 1121 ut

70 1149 183 1196 falso
197 1185 211 1207 ‚
234 1149 465 1212 postremo
481 1183 495 1206 ‚
516 1147 696 1207 scdulo,
717 1148 972 1211 auspicato,
994 1159 1209 1211 augurato
1224 1182 1237 1203 ‚
1257 1163 1362 1205 maes.

68 1221 259 1279 nifesto,
304 1221 487 1284 privato
508 1255 522 1279 ,
566 1220 769 1283 precario
790 1257 803 1276 ‚
839 1220 1020 1268 merito.
1048 1251 1094 1263 «-
1123 1221 1273 1268 Livius
1306 1220 1352 1266 in

68 1299 219 1356 XIV,
247 1295 434 1344 Privato
465 1311 551 1343 nos
580 1294 877 1343 tenuissemus.

375 1419 411 1463 L
464 1419 482 1463 Ι
531 1419 564 1468 Β
613 1419 655 1466 R
703 1420 722 1464 I
804 1417 852 1464 X
885 1419 929 1462 V
963 1417 982 1462 I
1015 1417 1049 1464 Ῑ.

322 1507 532 1566 Priscian.
569 1508 661 1553 Lib.
697 1507 837 1551 XIV.
868 1508 944 1551 col.
980 1520 1090 1565 992.

131 1595 279 1642 Pridie
304 1615 458 1659 quoque
482 1615 591 1642 more
612 1595 913 1659 praepofitionis
932 1593 1187 1650 Accusativo
1198 1590 1349 1651 jungi-

68 1685 145 1720 tur.
173 1672 310 1715 Cicero
343 1672 388 1715 in
413 1672 430 1715 1
463 1673 624 1716 Invent.
659 1667 808 1714 Pridie
834 1666 1058 1713 Kalendas
1088 1666 1180 1711 Jan.
1204 1661 1350 1709 Pridie

68 1743 239 1794 Nonas.
269 1741 416 1790 Pridie
451 1742 568 1790 Idus.
608 1744 701 1788 Liv.
731 1744 783 1786 ab
815 1742 908 1786 urbe
941 1740 1061 1784 cond.
1093 1738 1252 1784 XVII.

345 1859 691 1908 LIBRI
788 1855 1084 1904 XVIII.

385 1957 595 2017 Priscian.
614 1958 706 2001 Lib.
724 1957 812 2002 IX.
831 1959 906 2002 col.
927 1953 985 2000 86
997 1967 1034 2018 5.

132 2047 279 2092 Livius
297 2048 343 2092 in
362 2049 550 2093 XVIII.
575 2043 801 2093 Adversus
826 2042 1130 2090 interfe&ores
1151 2039 1355 2090 C.Caesa÷

69 2118 130 2168 ris
152 2119 375 2169 ultoribus
401 2136 583 2167 manum
611 2133 875 2180 comparans
901 2115 1127 2163 concibat.

425 2234 763 2284 LIBRI
847 2235 990 2283 XX.

358 2326 568 2383 Priscian.
600 2326 691 2369 Lib.
723 2325 789 2368 X.
824 2322 913 2371 col.
946 2339 1054 2387 901.

141 2393 290 2459 ‘Livius
327 2407 372 2453 in
409 2407 520 2451 XX
552 2407 604 2454 ab
645 2407 736 2452 urbe
772 2408 942 2454 condita
965 2422 980 2452 .·
1017 2407 1067 2453 &
1100 2402 1132 2451 fi
1157 2400 1353 2452 ferocius

71 2479 467 2550 procucurrissent.
