1617 2963
254 143 316 234 96
415 166 1425 218 JO.FRE1NSHEM115UPPLEM.·

245 279 381 332 pudet!
404 279 470 329 sed
492 289 604 314 tamen
638 286 708 313 tam
735 275 946 312 metuendum
974 275 1088 323 nihil,
1109 291 1209 329 quam
1224 280 1433 331 sperandum
1459 279 1515 331 est.

246 341 328 377 olim
348 340 408 377 ille
431 337 554 375 mentis
579 337 707 389 inops,
731 337 765 375 ἃ
783 337 986 388 pharmacis
1005 338 1235 389 potionatus,
1261 340 1439 378 arbitrium
1452 340 1516 393 sui

237 402 400 452 perdidit.

301 461 408 500 XIII.
437 460 523 510 N1s
526 460 620 512 forte
637 461 769 513 putetis
781 461 854 512 fitae
871 461 1050 514 potestatis
1059 461 1178 514 ficff,
1197 477 1272 500 cum
1292 462 1513 502 Alexandri-

240 537 308 560 nus
331 523 402 574 ipse
430 522 606 574 Gymnas
603 523 733 570 archa
762 522 975 573 Cleopatram
991 524 1143 575 reginam
1165 539 1207 563 ac
1227 526 1398 563 dominam
1411 524 1512 577 salu-

237 586 352 623 tavit.-
383 599 458 623 cum
482 599 555 623 eam
581 585 617 622 in
631 584 737 636 fhro,
767 585 856 622 inter
879 586 982 624 ludos
996 617 1010 634 ‚
1033 587 1070 624 in
1090 587 1264 640 judiciis,
1287 588 1325 625 in
1355 587 1510 638 transve-

235 647 403 684 Hionibus
433 647 581 699 equitum
609 647 722 698 ficum
746 659 908 699 perpetuo
940 649 1091 687 habuit:
1124 663 1198 687 cum
1228 650 1312 687 vino
1338 647 1374 685 6³
1397 662 1510 688 amore

229 706 401 757 saucius,
428 707 514 745 inter
545 707 719 744 eunuchos
752 720 883 744 currum
913 708 1035 759 reginae
1055 710 1162 760 pedes
1187 711 1327 761 ſsecutus
1349 710 1413 762 est:
1434 723 1510 748 cum

235 782 375 806 aureum
403 768 561 806 baculum
594 780 709 805 tenens
724 797 734 815 ‚
763 768 904 805 acinace
940 768 1093 817 cinclus,
1126 784 1279 821 purpura
1307 771 1509 823 gemmiqu

233 840 408 866 externum
428 829 466 867 in
488 843 608 867 morem
632 829 815 874 excultus,
840 830 877 866 in
898 844 998 868 aureo
1024 830 1130 879 lello,
1151 845 1319 883 aureaque
1339 832 1430 884 sella
1453 846 1510 870 cu-

233 890 305 929 ruli
334 892 553 930 diadematus
582 891 750 944 praesedit.
785 892 865 930 Jam
891 904 999 929 cetera
1023 893 1102 944 quis
1128 908 1190 943 pro
1215 908 1322 931 rerum
1353 894 1508 946 indigni-

233 963 306 989 tate
325 953 421 1003 satis
448 954 663 1006 exsecretur?
687 954 838 992 Romani
861 954 988 991 milites
1016 956 1200 1006 AEgyptiae
1230 969 1417 1007 apparent:
1435 970 1509 994 mu·

232 1014 327 1052 lieris
352 1014 456 1067 liujus
480 1013 599 1054 nomen
623 1014 821 1067 inscriptum
845 1016 957 1067 scutis
979 1016 1188 1068 praeferunt:
1217 1019 1251 1056 δ’
1270 1019 1308 1068 si
1327 1018 1506 1069 quaeritis,

233 1075 313 1126 quis
333 1076 496 1114 exercitui
521 1077 659 1129 praefit‚
687 1090 756 1113 non
784 1078 980 1129 praetorium
1014 1078 1053 1115 in
1083 1079 1128 1117 iis
1151 1079 1291 1131 castris,
1319 1081 1387 1131 sea'
1411 1079 1507 1132 regia

232 1147 399 1173 vocatur:
426 1151 487 1174 nec
508 1137 686 1183 Antonii,
716 1151 757 1174 ne
780 1137 988 1188 fallamini,
1015 1140 1082 1192 sed
1110 1141 1297 1191 Cleopatrae
1327 1140 1503 1192 imperium

230 1197 285 1246 est.
315 1197 359 1234 Si
375 1208 487 1235 tamen
514 1197 730 1250 Cleopatram
761 1200 898 1245 vocari,
926 1215 993 1237 non
1024 1202 1160 1239 Lunam
1181 1204 1302 1254 potius
1322 1203 1357 1241 δ’
1381 1203 1502 1253 Istdenz

223 1256 292 1308 jas
312 1258 380 1309 est:
406 1272 487 1296 nam
511 1258 582 1296 llaec
605 1260 746 1297 nomina
767 1259 911 1312 imponit
942 1262 972 1299 ei
984 1262 1144 1314 furiosus
1168 1276 1322 1312 amator,
1346 1279 1416 1302 non
1437 1279 1503 1302 me·

232 1318 365 1356 hercule
375 1319 555 1370 stolidius,
583 1333 685 1371 quam
712 1322 805 1371 quod
825 1321 866 1372 se
889 1322 1114 1375 Dionysum,
1127 1326 1164 1375 fi
1183 1326 1275 1363 Diis
1302 1326 1440 1377 placet,
1470 1327 1505 1365 6·

230 1394 272 1429 ne
292 1395 416 1432 parum
444 1382 645 1432 AEgyptius
668 1382 850 1432 videatur,
874 1385 1045 1435 ostridem
1067 1387 1231 1439 appellat.

321 1442 425 1481 XIV.
461 1444 584 1494 Iisdem
623 1444 799 1494 veneficiis
829 1449 1000 1485 comanos
1025 1449 1155 1486 amicos
1191 1449 1268 1502 ejus
1291 1460 1417 1502 putes.-
1443 1452 1505 1503 qui

229 1503 345 1542 iridem
373 1505 418 1542 ab
447 1506 513 1543 hac
541 1505 633 1545 Circe
661 1507 820 1558 quaelibet
846 1509 883 1545 in
908 1510 1053 1561 monstra
1084 1511 1211 1548 mutari
1230 1511 1418 1563 patiuntur
1424 1528 1440 1560 ;
1467 1514 1503 1552 6»

228 1581 304 1605 cum
327 1568 365 1606 in
391 1568 554 1606 convivio
606 1569 760 1616 altatur,
781 1583 867 1621 quos
896 1569 963 1607 illa
987 1569 1140 1623 juffirh,
1169 1584 1233 1610 aut
1258 1573 1413 1611 lzomines
1437 1587 1502 1612 aut

230 1630 302 1667 Dii
319 1630 426 1679 fiunt.
452 1631 508 1668 Hi
529 1645 596 1669 non
615 1632 711 1668 modo
725 1662 736 1680 ,
755 1646 820 1669 rem
839 1633 959 1685 nostris
983 1634 1131 1671 moribus
1154 1633 1397 1686 turpifflmam,
1426 1650 1501 1672 ver-

221 1693 300 1743 sari
318 1695 354 1730 in
376 1693 493 1746 castris
507 1694 697 1746 feminam,
724 1695 790 1745 sed
819 1694 979 1747 imperare
1007 1697 1145 1735 vident:
1171 1697 1208 1734 lzi
1240 1709 1341 1735 tanta
1368 1698 1501 1735 Roma-

231 1756 269 1792 ni
294 1756 444 1793 nominis
466 1756 650 1807 opprobria
671 1756 778 1807 fictis
809 1755 922 1793 oculis
952 1757 1172 1808 adspiciunt:
1198 1758 1235 1794 lii
1257 1758 1502 1810 applaudunt,

229 1830 306 1853 cum
338 1817 511 1866 imperium
548 1818 692 1869 nostrum
725 1815 958 1866 amentifflmis
994 1818 1238 1855 donationibus
1269 1818 1501 1871 concerpitur,·

228 1889 304 1914 cum
326 1876 413 1913 alibi
437 1875 616 1927 rapiuntur
637 1877 850 1928 patrimonia
876 1890 1013 1928 regum,
1039 1877 1125 1915 alibi
1147 1878 1373 1929 prodiguntur
1381 1894 1399 1926 ;
1423 1893 1499 1917 cum

222 1936 437 1988 fizdiffirnum
465 1938 555 1989 gulae
582 1950 774 1985 certamen,
809 1952 877 1975 non
907 1937 1057 1989 profi-‘fis
1080 1950 1213 1976 tantum
1245 1940 1419 1991 dapibus,
1437 1941 1503 1992 sed

228 1997 390 2035 inaudito
427 1999 588 2036 haHenzcs
621 1998 769 2036 luxuriae
803 1998 943 2051 ingenio
983 2013 1056 2037 una
1086 2000 1341 2052 fhrbitiuncula
1381 2002 1499 2052 census

223 2059 374 2111 gentium
394 2061 521 2111 mergit.

295 2119 382 2159 XV.
415 2121 545 2159 Centies
562 2121 749 2173 sestertidm
764 2120 872 2174 fitiffe
897 2122 1142 2175 margaritam,
1169 2115 1272 2174 quam
1303 2137 1409 2175 nuper
1431 2122 1500 2160 illa

227 2195 357 2235 vorago
381 2182 519 2234 lraufiffe
549 2182 586 2220 in
613 2195 709 2221 aceto
729 2183 878 2231 dicitur,
893 2183 998 2236 fama
1017 2200 1086 2222 non
1112 2186 1259 2222 dubitat.
1290 2186 1384 2224 Inter
1407 2187 1499 2224 lmnc

229 2243 405 2281 licentiam
429 2244 612 2290 vitiorum,
633 2246 668 2283 6³
691 2244 783 2282 hanc
798 2244 994 2296 foeditatem
1012 2246 1252 2292 adulantium,
1276 2247 1363 2298 quid
1380 2248 1500 2285 mirum

234 2363 240 2366 ”
284 2372 307 2415 §
332 2372 406 2405 XII.
429 2371 517 2406 Plut
540 2373 562 2418 5
586 2373 681 2407 XIII.
703 2373 785 2407 Dio.
810 2372 925 2408 Sene-c.
953 2382 1006 2418 ep.
1034 2373 1085 2414 83.
1116 2375 1205 2410 Flor.
1225 2375 1319 2407 Serv.
1343 2375 1383 2406 ad
1405 2376 1465 2408 Vir
1452 2387 1502 2419 g.

241 2416 374 2451 AEneid.
399 2419 442 2460 S,
464 2420 540 2459 678.
571 2423 597 2463 5
631 2420 871 2462 XIV.Ve11ej
892 2432 930 2462 2,
959 2424 1012 2454 82.
1040 2419 1134 2454 Serv.
1162 2420 1313 2453 Macrob.
1337 2419 1504 2454 saturnal„

229 2470 271 2512 37
298 2471 345 2500 ΓΤ
