1617 2963
243 232 340 290 ‘234
404 222 1022 273 JO.FRE1NSHEM11
1061 224 1413 277 SUPPLEM.

242 334 436 372 consortes
463 332 620 372 traciam
647 331 902 371 consueverat.
926 333 1045 384 Igitur
1071 335 1107 373 &
1130 334 1335 374 Teridaten
1365 333 1514 374 induxit

241 395 281 434 in
313 396 455 433 curiam
484 397 517 433 ὃς
552 394 773 433 Parthorum
809 395 976 445 legatos,
1011 398 1075 446 qui
1109 397 1236 436 adhuc
1267 399 1306 438 in
1333 398 1516 448 Hispania

241 467 419 507 agentem
443 455 697 496 accesserant:
724 470 846 506 neque
870 459 969 507 prius
988 458 1248 508 cognitionem
1265 472 1393 498 earum
1415 472 1518 498 con-

240 519 505 558 troversiarum
522 549 532 565 ‚
562 532 675 569 quam
708 520 755 558 ab
785 520 915 559 senatu
943 522 1205 570 mandaretur,
1231 522 1402 573 suscepit.
1428 523 1515 562 Exi-

240 584 302 616 tus
338 577 402 617 hic
442 578 542 625 fuit,
581 589 621 619 ut
662 580 781 619 filium
821 581 971 620 Phraati
1011 582 1088 621 fine
1122 584 1244 633 pretio
1283 586 1516 631 remitteret,

240 640 413 690 captivos
442 654 488 681 eo
523 642 699 692 signaque
730 643 903 682 militaria
939 645 1051 683 Craffi
1087 647 1241 695 primo,
1269 647 1406 686 deinde
1440 648 1517 686 Am

239 701 335 740 tonii
365 701 553 741 cladibus
574 705 739 742 invicem
776 715 1073 754 recuperaturus.
1122 708 1307 745 Teridaten
1340 708 1420 745 dedi
1448 708 1513 744 ad-

237 764 357 814 versus
381 764 490 813 fidem
515 765 624 801 videri
653 764 871 812 respondit;
908 766 1136 816 eidemque,
1169 768 1293 807 donec
1317 768 1418 818 apud
1443 767 1518 807 Roa

238 836 373 863 manos
404 825 476 864 esse
511 825 646 872 vellet,
686 825 866 865 alimenta
909 827 1114 868 liberaliter
1144 830 1352 870 constituit.

292 886 337 925 V.
373 887 518 927 Eodem
549 901 650 926 anno
680 888 780 926 viam
816 887 862 926 ab
892 887 1059 928 Emerita
1094 890 1232 928 Gadeis
1265 891 1515 940 perductam,

238 949 420 997 temporis
455 947 553 987 illius
588 949 740 995 verbis,
769 962 883 998 quam
910 951 1004 988 meis
1033 950 1223 1000 explicare
1260 953 1375 993 malo,
1403 953 1524 1001 Lapis,

238 1010 292 1048 est
324 1010 497 1049 Emeritae
531 1022 616 1048 cum
644 1009 917 1059 inscriptione:
954 1022 1055 1051 IMP.
1093 1023 1193 1052 CAES.
1226 1023 1343 1053 DIVI.
1373 1024 1407 1053 F.
1433 1023 1518 1053 AU-

240 1082 430 1112 GUSTUS.
468 1083 602 1112 PONT.
646 1082 761 1111 MAX.
807 1082 901 1112 cos.
941 1084 1007 1112 XI.
1041 1084 1284 1114 TRIBUNIC.
1321 1085 1511 1115 POTEST.

241 1142 287 1173 X·
316 1144 416 1172 IMP.
437 1144 543 1173 VIII.
569 1143 699 1174 ORBE.
728 1143 861 1173 MARI.
890 1145 963 1174 ET.
988 1146 1153 1175 TERRA.
1183 1146 1376 1177 PACATO.
1397 1146 1517 1176 TEM-

237 1202 337 1232 PLo.
365 1204 482 1236 JANI.
507 1204 690 1233 CLAUSO.
719 1204 789 1234 ET.
818 1205 912 1234 REP.
937 1205 971 1234 P.
1002 1206 1040 1234 R.
1070 1206 1279 1236 OPTlmls.
1305 1207 1513 1237 LEGIBUS.

236 1264 310 1295 ΕΤ.
347 1266 684 1296 SANCTISSIMIS.
722 1256 1005 1296 INSTITUTIS.
1038 1267 1336 1298 REFoRMATA.
1369 1268 1515 1299 ἮΑΜᾈ,

237 1327 479 1358 SUPERIOR.
519 1329 610 1358 cos.
640 1330 875 1359 TEMPORE.
901 1329 1196 1359 INCHOATAM.
1227 1331 1297 1361 ΕΤ.
1321 1331 1511 1362 MULTIS.

237 1390 383 1420 LOCIS.
416 1392 760 1422 INTERMISSAM.
793 1393 892 1422 PRO.
926 1393 1201 1423 DIGNITATE.
1242 1394 1445 1425 IMPERII.
1475 1394 1515 1426 P·-

237 1450 280 1480 R.
307 1452 564 1483 LATIOREM.
596 1453 978 1488 LONGIOREMQUE.
1003 1453 1180 1485 GADEIS.
1223 1454 1377 1490 USQUE.
1404 1455 1508 1486 PER-

236 1512 398 1543 DUXIT.

292 1565 355 1604 VI.
400 1566 489 1605 Haec
527 1568 608 1615 ejus
646 1566 733 1606 anni
769 1567 865 1618 gesta
898 1568 1055 1608 servavit
1084 1568 1318 1619 antiquitas:
1344 1571 1380 1609 ἃ
1409 1570 1516 1620 quod

234 1639 338 1665 novo
369 1627 546 1677 exemplo
581 1629 621 1668 C.
659 1629 910 1678 Calpurnius,
949 1643 1035 1669 cum
1076 1640 1185 1670 antea
1227 1630 1365 1671 curulis
1397 1631 1516 1671 aedilis

235 1689 384 1736 fuisset,
412 1701 493 1730 tum
524 1692 563 1730 in
592 1693 777 1731 demortui
808 1693 948 1743 plebeji
974 1694 1104 1733 locum
1137 1694 1252 1733 suffici
1288 1695 1410 1743 paffus
1439 1695 1512 1735 este

238 1752 423 1801 quodque
456 1753 558 1792 feriis
589 1754 669 1793 bini
699 1755 852 1804 singulis
891 1757 1024 1796 diebus
1059 1757 1225 1806 praefecti
1264 1757 1442 1803 fuerunt,
1477 1758 1516 1797 &

235 1812 277 1850 in
300 1812 356 1849 his
384 1814 541 1864 quidam
573 1827 678 1863 puer.
723 1816 819 1854 Anni
847 1817 1090 1867 intemperies
1125 1818 1182 1856 his
1214 1819 1400 1867 proximis
1423 1830 1514 1856 con-

235 1871 378 1911 sufibus
408 1883 512 1912 tanta
548 1875 644 1923 fuit,
682 1885 723 1914 ut
763 1876 923 1923 vulgatis
951 1880 1095 1918 morbis
1135 1893 1272 1928 magna
1301 1880 1356 1918 vis
1386 1878 1513 1918 homi-

235 1946 328 1972 num
368 1936 546 1974 interiret.
591 1937 622 1974 is
651 1937 754 1975 casus
790 1938 901 1977 Liviae
938 1942 1167 1989 patrocinari
1197 1941 1294 1980 visus
1324 1941 1399 1988 est,
1436 1953 1514 1990 quo

238 1995 364 2032 minus
390 1995 600 2034 verifimilis
623 2009 666 2035 ea
686 1998 902 2036 criminatio
921 2000 1137 2045 videretur,
1159 2013 1225 2050 per
1249 2013 1361 2049 quam
1386 1999 1507 2049 aliqui

236 2055 413 2096 Marcelli
440 2067 707 2106 praematuram
733 2068 895 2098 mortem
921 2060 1062 2098 artibus
1090 2062 1171 2108 ejus
1196 2060 1362 2099 mulieris
1389 2060 1514 2109 impu.

237 2116 396 2163 tabant,
421 2117 571 2157 amoliri
605 2120 777 2158 conantis
811 2119 1116 2166 adolescentem,
1141 2122 1201 2169 qui
1235 2121 1386 2159 suorum
1412 2121 1517 2160 filio-

238 2191 323 2218 rum
348 2179 509 2218 obstaret
532 2179 785 2220 incrementis.
814 2182 1003 2233 Prodigiis
1032 2191 1301 2222 annumeratus
1333 2184 1429 2222 intra
1451 2196 1515 2222 ur*

240 2239 330 2279 bem
355 2238 465 2289 lupus
490 2240 762 2289 deprehensus3
785 2243 944 2294 ignique
969 2253 1033 2282 aut
1061 2243 1345 2293 tempestatibus
1373 2244 1512 2282 afflicta

240 2298 423 2338 aedificia:
452 2301 485 2338 δι
509 2300 610 2348 quod
640 2302 750 2340 austu
767 2301 917 2341 Tiberis
944 2315 1042 2352 pons
1071 2302 1252 2342 sublicius
1278 2302 1417 2342 fractus
1441 2301 1514 2349 est,

240 2359 403 2409 urbsque
437 2358 486 2398 fic
522 2360 706 2401 inundata
744 2375 812 2413 per
855 2362 1050 2411 triduum,
1086 2372 1130 2403 ut
1173 2364 1333 2405 navibus
1371 2361 1514 2403 tranffiri

242 2421 372 2472 posset.

288 2529 314 2575 5
339 2529 397 2566 IV.
419 2530 541 2567 Justin.
559 2541 624 2574 42,
649 2541 679 2574 5.
700 2531 782 2566 Dio.
806 2532 828 2577 §
849 2532 893 2568 V.
914 2531 1032 2566 Iustin.
1059 2532 1082 2578 §
1103 2531 1161 2569 Vl.
1178 2531 1260 2567 Dio,
