1617 2963
235 200 686 266 IN‘LOC.L18.
727 210 934 258 cxxxi
982 211 1121 259 LIV.
1275 211 1339 274 69

56 335 172 363 naves
202 321 465 374 septuaginta,
486 318 653 369 reliquia:
682 318 829 368 claffis,
853 332 968 370 quam
992 319 1181 359 Antonius
1210 314 1349 371 Caesari

51 387 389 432 commodaverat3
421 395 545 433 neque
569 380 692 420 multo
723 382 806 432 post
825 393 911 421 cum
939 381 1021 421 aliis
1052 390 1211 422 centum
1233 383 1268 422 &
1291 382 1348 421 vi.

53 449 151 498 ginti
177 461 197 486 e
221 448 328 498 Syria
358 446 484 486 Titius
508 443 644 498 affuit.
683 444 754 489 His
777 444 827 483 ad
860 444 1144 484 Proconnesum
1170 444 1354 496 appulsis,

53 510 188 551 Sextus
203 540 215 555 ,
232 507 344 547 classe
368 506 569 557 desperans
583 535 594 554 ,
615 505 790 544 incendit
817 518 931 544 naves
948 536 960 552 ,
990 519 1081 556 quas
1107 505 1350 557 gravioribus

51 571 208 610 sarcinis
250 578 471 610 oneraverat
492 583 504 618 3
551 568 787 619 remigesque
828 568 877 607 ad
916 568 1127 618 pedestrem
1168 569 1350 610 militiam

40 630 264 679 *tanstulit‚
282 643 330 669 ne
356 640 440 669 tum
467 629 626 679 quidem
656 627 815 667 confilio
838 627 1010 667 bellandi
1038 630 1223 679 deposito.
1242 630 1350 680 Quaa-

54 702 212 745 propter
229 694 444 732 amicorum
469 692 550 739 ejus
574 690 788 741 principes,
814 689 958 729 Caffius
983 690 1216 737 Parmensis,
1243 690 1350 731 Nast-

53 756 140 794 dius
155 785 166 802 ‚
189 754 414 795 Saturninus
430 783 442 801 ,
460 753 651 793 Thermus
664 784 674 800 ‚
699 751 876 792 Antistius
893 782 904 800 ,
927 754 1144 803 ceterique,
1164 755 1197 793 δε
1215 754 1351 804 praeci-

53 832 130 870 puo
165 817 268 867 apud
300 829 391 857 eum
427 815 573 856 honore
610 814 986 863 liabitus‘Fannius,
1016 815 1207 864 postremo
1239 815 1347 855 socer

52 879 133 931 ipse
168 879 390 920 Scribonius
417 878 539 924 Libo,
566 879 677 929 paeta
708 875 853 923 salute,
878 876 927 916 ad
958 876 1195 916 Antonianos
1232 877 1351 917 duces

53 941 292 984 transierunt.

110 1012 195 1051 XV.
227 1009 297 1051 Ille
321 1010 546 1055 destitutus,
575 1007 701 1047 castris
735 1008 851 1047 noete
879 1004 1043 1055 reliffis,
1067 1007 1107 1045 in
1128 1005 1352 1047 mediterra-

54 1088 126 1115 nea
160 1073 348 1125 Bithyniae
381 1072 605 1118 contendit,
635 1071 878 1118 Armeniam,
906 1077 950 1108 ut
983 1069 1238 1109 existimatum
1273 1069 1353 1117 est,

58 1145 204 1187 petens.
223 1135 328 1175 Luce
347 1135 495 1173 reddita
511 1163 521 1181 ,
544 1132 667 1173 Titius
689 1131 947 1182 Furniusque,
968 1133 1003 1171 &
1019 1144 1106 1171 cuni
1124 1130 1182 1171 his
1205 1132 1351 1183 Amyn-

56 1207 141 1245 taS,
166 1197 354 1249 persecuti
391 1197 604 1248 fugientem
626 1225 637 1243 ,
678 1196 778 1234 circa
809 1194 1002 1245 vesperam
1041 1194 1277 1245 attigerunt:
1311 1196 1351 1234 Sc

54 1262 142 1311 quia
165 1274 299 1302 omnes
334 1262 475 1312 pariter
499 1260 546 1299 ab
576 1262 763 1299 noeturno
805 1258 945 1309 proelio
976 1257 1260 1306 abhorrebant,
1283 1270 1352 1297 ca-

54 1327 123 1367 stra
148 1327 327 1376 utrinque
361 1324 448 1365 sunt
480 1325 613 1375 posita.
666 1323 770 1364 Tum
806 1335 961 1373 quoque
990 1321 1190 1362 confilium
1219 1321 1350 1361 audax

54 1387 240 1437 Pompeio
274 1385 491 1438 susceptum
524 1386 628 1433 fuit,
651 1397 722 1424 nec
749 1385 922 1424 futurum
946 1382 1104 1431 inutile,
1136 1383 1161 1423 fi
1186 1390 1263 1423 tam
1286 1395 1349 1422 ur-

53 1450 188 1500 gendis
223 1450 362 1500 coeptis
398 1449 573 1500 pertinax
601 1478 612 1496 ,
650 1460 766 1498 quam
806 1447 855 1485 ad
904 1446 1135 1484 tentandum
1170 1452 1357 1496 promtus»

53 1512 189 1553 fuisset,
221 1512 362 1553 Tribus
388 1514 492 1551 enim
526 1518 758 1550 cetratorum
791 1509 964 1549 immistis
998 1507 1188 1557 millibus,
1221 1508 1349 1548 hostes

54 1574 181 1616 castris
206 1573 427 1625 expulerat,
457 1582 685 1624 poteratque
713 1572 876 1612 fortaffis
909 1571 1103 1612 absolvere
1132 1571 1348 1619 vietoriam,

55 1635 78 1674 si
98 1635 187 1674 fufis
209 1635 425 1686 fugatisque
440 1635 631 1676 insisteret.
657 1636 733 1676 Sed
750 1634 815 1674 ille
828 1666 839 1683 ,
859 1644 1062 1675 contentus
1082 1635 1224 1685 aliquid
1251 1646 1348 1684 prae-

53 1698 208 1750 ripuiffe
239 1699 410 1747 itineris,
446 1698 603 1738 brevem
632 1700 714 1749 ejus
747 1698 889 1738 laetitiae
919 1699 1149 1748 inanemque
1176 1697 1349 1738 fructum-

54 1759 176 1799 fenfit.
211 1760 309 1801 Mox
341 1760 446 1798 enim
484 1759 659 1800 collectis
693 1760 836 1800 viribus
876 1758 1001 1798 hostes
1032 1758 1217 1806 insecuti,
1255 1771 1348 1798 car-

54 1823 183 1874 pendo
219 1832 438 1864 extremum.
466 1837 604 1874 agmen
622 1855 633 1872 ,
666 1822 933 1863 confirmando
967 1821 1241 1873 provinciales,
1266 1820 1350 1860 fru-

54 1898 251 1935 mentum,
291 1901 457 1937 aquam,
499 1887 683 1937 pabulum
725 1886 944 1937 eripiendo,
981 1885 1020 1923 in
1056 1897 1119 1924 eas
1156 1883 1351 1935 angustias

54 1951 285 1998 redegerunt
318 1948 543 1998 hominem,
567 1958 609 1988 ut
647 1948 789 1999 spretas
819 1956 931 1987 antea
967 1946 1209 1986 conditiones
1240 1957 1356 1995 repe⁴>

55 2020 135 2051 tere
157 2018 370 2061 cogeretur.

110 2080 215 2121 XVI.
246 2080 417 2120 Demum
454 2080 554 2119 circa
583 2079 792 2128 Midaeum,
816 2077 922 2118 haud
956 2076 1150 2117 incelebre
1175 2074 1348 2126 Phrygiae

58 2143 212 2192 majoris
249 2143 462 2193 oppidum,
499 2142 739 2194 colloquium
785 2141 917 2182 Furnii
953 2139 1202 2191 expoposcit,
1233 2148 1352 2188 quem.

58 2214 101 2243 nt
137 2213 338 2254 paternum
371 2203 538 2244 amicum
561 2235 572 2252 ‚
606 2206 640 2244 Sc
680 2205 834 2253 majoris
876 2202 1093 2253 dignitatis,
1128 2200 1232 2241 Titio
1256 2211 1351 2248 prae-

57 2266 220 2306 ferebat.
258 2265 356 2305 Cum
381 2267 559 2317 utrinque
601 2268 649 2306 ad
683 2268 786 2318 ripas
821 2266 944 2305 amnis
970 2264 1141 2314 Sangarii
1176 2258 1348 2302 acceffis-

58 2328 162 2375 sent,
204 2326 409 2376 pompejus
436 2326 628 2374 ostendit,
649 2328 714 2380 se,
750 2326 879 2379 legatis
913 2326 963 2363 ad
985 2325 1182 2364 Antonium
1220 2320 1357 2370 miffi's,.

49 2404 134 2469 Ῡιιη
153 2387 289 2427 interim
313 2388 491 2427 alimentis
513 2400 620 2442 egeret
634 2417 649 2437 s
672 2389 806 2427 nemine
823 2388 1020 2441 praebente,
1045 2388 1112 2425 haec
1134 2386 1184 2423 ad
1202 2383 1355 2436 confilia.

109 2522 132 2567 5
157 2523 250 2559 XIV.
273 2522 356 2558 Dio.
383 2523 546 2570 Appian..
569 2523 591 2570 §
615 2523 693 2560 XV·
717 2523 798 2558 Die.
823 2523 971 2568 Appiam
993 2520 1094 2554 Oros.
1121 2520 1161 2562 6,
1190 2529 1243 2563 19.

1048 2578 1081 2621 Ε
1107 2595 1124 2628 ³.
