1617 2963
236 232 315 279 rN
352 229 525 277 roe.
574 227 706 277 LIB.
752 224 936 275 cxxx
992 227 1136 274 ων.
1232 231 1344 298 ¹45³

61 350 137 389 que
159 338 259 387 fuit)
277 337 542 379 invocabatur.
577 334 635 374 Ibi
655 333 810 373 lustrato
835 334 1032 382 exercitu,
1058 332 1196 383 reperit
1221 331 1339 384 legioa

60 411 130 439 nes
157 400 323 439 sedecim
350 395 624 443 validissimas,
660 408 749 435 cum
790 396 985 435 Gallorum
1020 396 1055 434 Sc
1088 394 1344 446 Hispanorum

61 460 284 499 cohortibus
315 459 437 499 millia
469 459 604 496 decern
641 457 904 507 implentibus.
954 457 1108 507 Equites
1145 457 1342 508 legionarii

61 523 169 562 simul
201 535 289 561 cum
321 520 474 560 auxiliis
509 518 631 558 millia
666 518 867 558 sedecim:
898 530 1024 568 neque
1058 518 1180 558 multo
1216 520 1344 559 minor

61 585 156 626 levis
181 594 377 625 armaturae
401 583 626 623 multitudo.
667 583 742 622 Sed
774 581 837 620 hic
867 590 993 621 tantus
1021 592 1245 632 apparatus,
1274 596 1348 623 cu*-

62 649 123 696 jus
154 647 254 686 fama
288 646 505 685 Radrianos
541 645 575 682 ἃ
609 643 759 682 Indiam
790 643 1127 693 perterrefecerat,
1158 645 1349 694 postremo

62 708 103 746 in
127 706 334 746 ludibrium
356 704 476 754 abiit,
501 713 774 754 corrumpente
795 703 1013 742 occasiones
1040 705 1229 750 Antonio,
1257 706 1351 745 dum

65 781 197 807 amore
228 767 466 816 Cleopatrae‚
492 764 598 805 velut
630 764 774 803 insania
803 773 1021 814 correptus,
1052 765 1161 803 citius
1193 766 1354 805 seriusve

64 829 161 877 justo
187 829 265 878 agit
290 828 443 874 omnia,
471 838 552 864 non
575 827 624 864 ad
652 824 870 863 occasiones
899 836 1050 873 rerum,
1072 824 1136 863 sed
1162 824 1244 865 suas
1267 826 1354 865 libi..

65 891 175 930 dines
208 889 438 939 deliciasque
468 886 684 937 respiciens.
736 887 836 926 Nam
871 887 906 925 Sc
937 898 1118 936 magnam
1146 888 1226 935 ejus
1262 889 1358 928 anni

66 961 238 1002 partem,
273 953 365 991 dum
403 950 614 989 luxuriatur
644 961 734 987 cum
769 948 1000 998 Cleopatra,
1036 948 1280 998 perdiderat3
1319 951 1357 989 &

68 1027 303 1065 quamquam
338 1013 440 1052 aestas
477 1011 618 1062 reliqua
651 1023 894 1061 nequaquam
929 1021 996 1060 par
1028 1009 1118 1048 effet
1150 1018 1263 1049 tantae
1292 1022 1361 1056 exq

67 1077 285 1128 peditioni,
319 1075 543 1123 festinabat,
570 1084 615 1114 ut
641 1075 745 1125 apud
773 1073 880 1112 illam
911 1072 1113 1112 hibernare
1142 1072 1275 1122 poffet.

123 1138 172 1178 Π-
200 1138 349 1177 IdCisCO
377 1140 467 1173 llCet
490 1143 603 1182 longo
625 1142 753 1181 fuisset
775 1141 988 1180 consultius
1003 1170 1013 1181 .
1039 1142 1077 1179 in
1095 1141 1270 1179 Armenia
1303 1153 1360 1175 ro-

67 1201 182 1241 ficere
209 1199 373 1238 militem
389 1228 401 1243 ,
431 1196 496 1246 qui
530 1196 659 1232 decies
689 1202 852 1231 centena
877 1191 996 1231 millia
1020 1191 1192 1243 passuum
1217 1192 1361 1242 raptim

70 1261 291 1301 confecerat
306 1290 318 1307 ,
339 1266 452 1306 atque
479 1255 605 1293 hieme
627 1254 681 1292 ibi
700 1252 939 1300 transducta,
964 1253 1087 1302 primo
1105 1265 1193 1292 vere
1208 1283 1217 1297 ,
1244 1253 1361 1303 prius-

72 1336 188 1374 quam
222 1334 268 1360 ex
299 1318 467 1359 hibernis
509 1316 635 1355 Parthi
666 1323 892 1364 moverent,
928 1327 1119 1365 occupare
1150 1315 1360 1365 Mediam3

71 1384 152 1424 fine
180 1394 284 1419 mora
315 1379 508 1430 profectus
530 1377 607 1424 est,
635 1377 778 1415 nuntiis
803 1377 920 1415 etiam
950 1376 1239 1427 instigantibus,
1267 1378 1361 1427 qui,

74 1447 218 1487 Medum
242 1445 341 1496 longe
363 1458 386 1481 a
402 1443 483 1494 suis
498 1442 630 1489 finibus
650 1441 826 1478 auxilium
848 1440 1033 1491 adduxiffi²
1058 1441 1230 1489 Parthis,
1256 1449 1363 1479 attu-

76 1507 212 1547 lerant.
249 1505 323 1545 Sed
346 1515 417 1542 nec
434 1503 608 1541 indicere
634 1500 778 1539 bellum
804 1513 904 1540 curae
929 1500 1085 1549 habuit,
1108 1515 1184 1551 quo
1210 1501 1363 1550 prorsus

73 1570 255 1619 inopinus
272 1568 493 1614 invaderet,
520 1577 599 1602 non
620 1572 709 1602 ante
725 1563 907 1614 professus
928 1564 1073 1603 hostem
1088 1596 1100 1612 ,
1121 1578 1233 1614 quam
1255 1566 1363 1605 Atro-

75 1644 241 1684 patenen
257 1630 383 1679 attigit
397 1659 408 1675 ,
425 1640 507 1678 quae
529 1627 576 1665 ab
596 1627 783 1665 Armeniis
802 1628 924 1666 Araxe
947 1627 1063 1666 fluvio
1086 1627 1331 1677 disiungitur.

134 1703 205 1744 III.
236 1699 448 1751 Progressus
482 1698 747 1748 aliquantum,
785 1709 874 1735 cum
905 1697 1167 1750 celeritatem,
1197 1711 1271 1747 qua
1294 1709 1361 1748 per

77 1764 252 1808 Mediam
271 1764 482 1812 irrumpere
508 1759 702 1811 cogitabat
724 1759 763 1797 in
787 1758 958 1805 Parthos,
981 1759 1084 1799 mole
1106 1760 1365 1810 impedimen-

78 1835 208 1866 torum
246 1824 387 1863 tardari
416 1832 609 1868 cerneret,
643 1821 775 1859 relisto
809 1821 856 1859 ad
895 1832 937 1858 ea
966 1832 1053 1858 cum
1084 1831 1190 1871 parte
1219 1822 1367 1860 exerci-

79 1895 143 1926 tus
171 1882 303 1936 Oppio
328 1883 522 1935 Statiano,
549 1884 733 1930 majorem
764 1883 798 1921 ὃ(
826 1880 1032 1919 firmiorem
1063 1883 1238 1931 equitum
1262 1882 1367 1931 pedi„

79 1956 239 1997 tumque
268 1957 473 1985 numerum
505 1956 648 1994 agens,
683 1943 732 1981 ad
762 1941 918 1991 Praaspa
953 1942 1165 1982 contendit.
1204 1943 1291 1982 Erat
1317 1955 1365 1982 ea

82 2009 290 2051 Medorum
316 2007 416 2056 regia
434 2036 445 2054 ,
469 2006 533 2044 sita
555 2006 596 2044 in
619 2006 768 2044 munito
797 2005 830 2043 Sc
858 2004 977 2043 arduo
1002 2003 1102 2042 colle
1118 2034 1128 2051 ,
1158 2004 1295 2043 distans
1316 2003 1368 2042 ab

58 2121 60 2123 Ι
85 2072 206 2111 Araxe
232 2071 267 2119 ὃς
293 2068 434 2107 finibus
464 2067 650 2107 Armeniae
674 2065 845 2115 passuum
871 2065 1037 2104 millibus
1063 2065 1366 2115 quadringentis.

87 2134 165 2175 Hic
197 2134 358 2183 primum
396 2131 473 2182 ipsa
506 2144 562 2169 res
593 2131 716 2180 arguit
748 2127 1045 2182 imprudentiam
1082 2129 1251 2175 consilii,
1288 2141 1366 2178 quo

89 2200 302 2240 tormenta,
339 2205 421 2242 quae
455 2192 634 2231 trecentis
661 2190 833 2241 plaustris
855 2189 1111 2238 vehebantur,
1148 2193 1182 2230 ἃ
1210 2190 1369 2227 arietem

90 2252 234 2303 pedum
277 2253 471 2302 odloginta
505 2252 721 2302 reliquerat.
762 2252 845 2291 Nec
878 2251 982 2289 enim
1015 2251 1154 2290 idonea
1188 2250 1370 2289 materies

149 2391 1368 2439 §1.D50.Ve11ej.2,82.1³1ut.Justin.42,5.F10r.4,10.L·1v.·

98 2441 189 2485 Epir.
213 2440 451 2482 Appian.<11.
477 2439 755 2481 Liv.Epit.Plut
777 2440 856 2476 Dio,
873 2437 1019 2484 Appian.
1034 2439 1123 2471 Flor.
1147 2438 1255 2471 strab.
1272 2437 1296 2472 l.
1314 2449 1367 2475 u.

161 2495 211 2540 Τ.
246 2496 340 2542 Liv.
376 2496 473 2540 Vol.
504 2495 620 2542 XII.
1136 2490 1186 2537 D
