1617 2963
229 159 292 220 84
357 159 448 206 JO.
482 154 1008 204 FREINSHEMH
1045 153 1409 205 SUPPLEM.‘

230 279 309 306 non
324 266 399 304 sine
422 263 531 303 causa
553 262 844 312 triumpharunt.
871 260 974 301 Inter
999 260 1092 300 alias
1113 262 1261 312 antiqui
1286 265 1403 302 moris
1426 264 1505 302 ruis

231 341 300 368 nas
343 333 566 366 annotatum
595 324 665 372 est,
700 323 767 363 sub
797 324 837 362 id
874 329 1026 374 tempus
1064 335 1203 373 pueros
1237 323 1454 374 impuberes
1480 337 1502 365 a

229 391 370 432 Caesare
400 389 601 440 praefed‘tos
626 387 711 427 urbi
739 387 847 426 fuiffe
870 387 1034 435 Latinis,
1063 399 1111 425 ne
1138 385 1316 425 senatorii
1344 388 1502 436 quidem

228 465 294 492 eos
309 451 475 502 generis,
499 449 563 488 sed
590 449 761 499 equitum
779 450 1039 489 Romanorum
1063 447 1174 487 filios.
1195 449 1305 487 Anno
1330 448 1502 498 sequenti

229 513 378 560 Caesar,
408 510 621 550 secundum
658 511 753 549 inito
786 510 1028 561 magistratu,
1068 521 1183 560 quem
1219 509 1366 560 collega
1409 510 1500 549 Sex.

222 567 408 623 Ponipejo
437 585 563 622 gerere
586 571 794 619 debuerat,
833 571 910 611 hoc
936 571 1089 610 interim
1114 570 1265 616 occiso,
1292 571 1332 611 L.
1356 570 1502 612 Volcae

223 634 322 673 tium
356 632 529 673 Tullium
557 633 729 672 adscivit.
756 632 865 683 Ipse,
893 646 980 672 cum
1004 645 1116 672 mane
1145 646 1216 684 pro
1243 633 1324 672 aede
1350 632 1502 682 Capito-

222 689 295 733 lini
317 693 422 742 Jovis
443 692 644 743 ‚paululum
671 693 792 732 curuli
824 692 913 732 sella
935 693 1184 744 praesediffet‚
1210 693 1356 732 honore
1382 694 1499 741 abiit,

224 770 341 808 quem
369 756 568 807 gratificari
594 755 767 806 pluribus
792 755 983 806 cupiebat.
1014 757 1105 796 Eam
1127 757 1317 796 veriorem
1348 756 1499 796 causam

224 821 299 860 effe
327 820 510 867 arbitror,
538 832 649 868 quarn
677 819 780 868 quod
803 819 1027 869 exemplum
1053 817 1201 858 secutus
1229 819 1383 864 Antonii
1417 818 1499 857 fue«

223 882 284 922 rit.
322 882 468 931 quippe
500 889 755 927 convenerat,
782 892 820 918 ut
846 882 902 919 hic
927 880 961 917 δ’
983 882 1116 919 Sextus
1139 896 1199 933 per
1224 882 1380 931 amicos,
1411 893 1498 935 quos

219 946 377 999 pellent,
406 945 633 996 magistratum
659 956 841 997 -gerere71t;
874 945 967 996 quod
993 945 1149 996 abfimcri
1178 957 1249 984 toto
1279 960 1317 983 eo
1354 958 1499 998 tempore

221 1010 439 1046 videbantur.
466 1005 651 1046 Suffectus
673 1005 724 1045 est
747 1004 933 1044 inlocum
962 1005 1113 1045 Caesaris
1131 1007 1169 1047 P.
1192 1007 1413 1053 Autronius,
1429 1007 1499 1045 sta·

221 1070 369 1118 timque
407 1067 662 1116 magistratum
699 1067 860 1117 occepit.
912 1067 987 1107 Sed
1022 1067 1245 1107 aedilitatem
1278 1070 1357 1117 jam
1391 1081 1497 1119 paene

221 1129 437 1179 neglectam
463 1128 519 1167 M.
542 1129 708 1178 Agrippa
739 1126 899 1178 suscepit
924 1128 1023 1167 ultro
1040 1159 1052 1176 ,
1087 1141 1163 1179 quo
1192 1129 1325 1169 Caesari
1357 1129 1496 1180 sibique

220 1190 409 1242 populum
440 1189 620 1228 ludorum
645 1191 680 1229 Sc
709 1202 867 1239 operum
900 1190 1191 1241 magnificentia<
1209 1188 1441 1231 conciliaret.

288 1252 330 1292 L.
369 1252 509 1291 Omnia
541 1251 644 1289 enim
680 1252 839 1290 aedificia
872 1253 1050 1303 publica,
1083 1253 1235 1303 viasque
1265 1267 1399 1293 ornnes
1430 1255 1495 1295 sua

219 1314 385 1365 pecunia
418 1313 585 1352 refecit:
628 1315 869 1363 aquaeductus
909 1316 1066 1365 Appiae,
1097 1315 1275 1364 Marciae,
1315 1317 1492 1365 Anienis,

218 1390 330 1428 paene
366 1375 531 1426 dilapsos
561 1376 812 1415 emendavit:
837 1376 978 1424 juliam
1013 1390 1034 1416 a
1071 1378 1291 1428 quindecim
1321 1378 1494 1428 paffuum

219 1438 390 1477 millibus
423 1437 554 1485 duxit,
588 1449 704 1488 opere
733 1436 840 1487 supra
880 1446 1016 1479 terram
1050 1439 1196 1489 paffum
1226 1450 1298 1480 VII
1330 1438 1385 1480 M.
1409 1440 1495 1479 sub-

218 1497 424 1539 struermne
452 1498 621 1549 passuum
658 1510 855 1539 DXXVHI
887 1500 1031 1551 reliquo
1062 1514 1177 1551 opere
1211 1509 1377 1541 arcuato,
1422 1503 1495 1542 Sa-

216 1562 345 1601 lientis
365 1568 522 1599 centum
547 1561 736 1610 quinque,
753 1561 901 1600 castella
920 1570 1074 1601 centum
1100 1563 1253 1613 triginta
1267 1594 1278 1612 ,
1295 1563 1493 1614 complura

217 1625 335 1662 etiam
366 1622 471 1661 cultu
511 1622 737 1673 magnifica,
772 1623 950 1673 operibus
982 1624 1026 1662 iis
1065 1623 1166 1674 {igna
1196 1632 1365 1663 trecenta
1399 1638 1498 1671 aerea,

217 1693 284 1725 aut
309 1698 519 1724 marmorea
549 1685 732 1734 imposuit
750 1715 761 1733 ,
791 1684 990 1724 columnas
1021 1698 1069 1724 ex
1099 1699 1286 1725 marmore
1311 1688 1494 1736 quadrin-

218 1758 361 1798 gentas.
395 1760 517 1796 neque
541 1747 619 1785 ulia
642 1747 760 1786 ferme
787 1749 924 1787 domus
955 1749 1092 1787 exinde
1114 1749 1245 1789 Romae
1270 1750 1365 1800 fuit,
1396 1751 1491 1800 quin

216 1803 465 1852 sufficientem
496 1808 657 1848 haberet
689 1809 737 1848 ad
761 1810 891 1848 onmia
922 1822 1074 1859 aquam.

272 1871 333 1911 LI.
366 1870 588 1910 cloacarum
613 1870 729 1909 etiam
752 1883 773 1909 a
795 1871 1006 1920 Tarquinio
1033 1871 1153 1911 Prisco
1175 1871 1396 1912 struerarum
1415 1886 1492 1913 ma·-

217 1932 365 1972 ximum
385 1944 430 1970 ac
460 1930 710 1970 firmissimum
743 1945 865 1982 opus,
890 1932 1083 1970 corrivatis
1111 1942 1224 1982 atque
1248 1946 1314 1983 per
1343 1944 1491 1973 meatus

217 1992 388 2031 immistis
412 1991 555 2042 septem
579 1993 776 2038 amnibus,
798 1994 861 2042 qui
888 1994 1112 2032 torrentium
1133 1995 1250 2033 modo
1272 2004 1490 2045 rumperent

220 2066 265 2094 ac
289 2053 479 2092 auferrent
501 2055 628 2092 omnia
642 2084 652 2101 ,
674 2055 721 2093 sic
738 2057 958 2105 expurgavit
975 2056 1140 2106 Agrippa
1153 2085 1164 2104 ,
1181 2064 1222 2095 ut
1242 2070 1308 2106 per
1322 2070 1383 2096 eas
1403 2058 1490 2097 sub-

188 2106 195 2113 ⁵
216 2115 360 2155 urbana
381 2115 622 2165 navigatione
638 2116 676 2153 in
696 2116 867 2155 Tiberim
892 2116 1046 2165 pervehi
1066 2130 1143 2154 non
1171 2117 1410 2158 dubitaverit.
1445 2119 1490 2158 In

221 2177 332 2216 Circo
357 2190 405 2215 ne
427 2177 636 2215 multitudo
658 2186 841 2216 metarum
864 2178 994 2216 erroris
1015 2178 1163 2217 causam
1189 2179 1283 2219 ultra
1306 2181 1489 2230 praeberet

219 2240 441 2279 hominibus
455 2272 466 2289 ,
483 2240 680 2290 delphinas
701 2254 745 2280 ac
762 2255 831 2280 ova
844 2272 855 2288 ,
871 2256 952 2292 quae
969 2251 1128 2291 vocant,
1149 2243 1387 2293 deiignandis
1407 2257 1489 2283 cur-

215 2313 329 2340 ruum
354 2301 657 2341 conversionibus
683 2302 826 2352 posuit,
849 2302 960 2342 ludos
980 2305 1107 2343 omnis
1135 2305 1282 2354 generis
1304 2306 1487 2346 editurus.

265 2417 431 2465 §.mun
456 2417 580 2461 Veliej.
604 2418 735 2449 Numrn.
760 2431 814 2461 ap.
835 2418 928 2462 Pigh.
952 2421 1093 2453 Sueton.
1117 2421 1151 2454 in
1173 2422 1259 2467 Aug.
1279 2434 1308 2456 c.
1329 2422 1384 2456 26.
1405 2422 1486 2457 Dio,

217 2459 360 2506 Appiam.
386 2462 469 2495 Prin.
487 2463 548 2507 36,
571 2473 619 2505 ¹3·
645 2463 752 2495 strab.
772 2465 794 2496 1.
817 2473 849 2503 7.
873 2464 894 2508 §
919 2464 975 2500 Ll.
998 2465 1085 2506 Prin.
