1617 2963
209 202 287 249 IN
331 202 501 249 LOC.
535 203 669 248 LIB.
704 199 946 248 CXXXIII
997 201 1136 250 LIV.
1225 216 1311 268 157

56 311 196 349 curiam
233 324 278 351 ex
307 311 422 360 patris
457 310 613 348 nomine
643 307 810 356 Juliam‚
838 307 938 347 hanc
971 308 1124 359 quidem
1157 322 1189 350 a.
1219 311 1255 350 d.
1289 310 1323 352 V

54 370 139 412 Kal.
163 373 372 423 Septembr.
404 371 608 411 dedicavit.
643 370 687 409 In
717 383 761 408 ea
783 371 956 410 Vit‘toriae
979 372 1146 422 reposuit
1174 372 1324 412 simula..

54 447 182 483 crum,
213 434 411 485 spoliisque
436 432 623 484 AEgyptiis
647 432 867 481 exornavit,
892 433 995 482 quod
1021 433 1113 472 olim
1142 446 1162 473 a
1183 434 1324 474 Taren-2

53 503 94 534 to
120 497 319 536 advectum
348 496 497 543 fuerat3
526 494 614 533 huic
643 493 791 531 numini
814 492 851 531 se
877 494 1014 532 debere
1036 497 1238 545 imperium
1270 497 1325 536 22ss

52 558 281 608 srgnificanS.
318 558 438 597 Etiam
457 557 501 597 D.
529 554 620 604 Julii
645 555 777 593 fanum
807 553 935 593 multis
967 567 1014 594 ex
1037 558 1171 596 eadem
1197 558 1325 608 premia

53 620 220 660 donariis
250 619 429 659 excoluit.
466 620 539 658 Sed
570 617 684 667 longe
709 615 883 654 maximae
910 629 1002 665 opes
1026 617 1064 655 in
1090 618 1324 668 Capitolium

49 680 178 722 illatae.
214 684 313 723 Nam
339 695 384 722 ex
413 679 738 720 senatusconsulto
778 691 799 717 e
823 677 945 717 tribus
971 679 1101 726 cellis,
1135 682 1324 732 quidquid,

53 743 169 792 Jovi,
202 746 489 795 Junonique‘&
519 744 704 784 Minervae
741 741 911 780 (Beatum
945 741 1037 783 olim
1071 742 1220 792 fuerat,
1257 758 1327 794 pro

18 832 20 834 v
54 806 202 856 polluto
230 806 466 845 efferendum
497 807 661 844 curavit:
700 802 779 854 ipse
809 816 882 842 una
914 803 1123 843 donatione
1157 804 1323 844 sedecim

51 866 173 906 millia
201 869 334 918 pondo
364 868 469 917 auri,
503 866 748 919 gemmasque
776 878 820 906 ac
840 868 1059 917 margaritas
1087 869 1329 918 quingenties¹

51 927 260 969 sestertium
283 929 458 968 contulit.

106 991 324 1032 LXXXVI.
349 993 443 1032 Haec
468 992 597 1032 omnia
623 1004 669 1031 ex
696 991 876 1031 thesauris
899 990 1108 1041 Cleopatrae
1131 991 1322 1042 desumta.

53 1056 162 1103 cujus
191 1055 306 1095 etiam
339 1055 434 1094 alter
460 1056 571 1104 unio,
606 1056 670 1094 vix
704 1054 928 1094 luxuriantis
961 1054 1114 1094 feminee
1151 1055 1326 1096 faucibus

53 1128 201 1167 ereptus
214 1126 403 1169 ,Qpropter
431 1118 732 1169 magnitudinem
759 1116 962 1166 dissectus,
988 1129 1033 1155 ex
1060 1125 1217 1166 utraque
1238 1130 1328 1158 aure

53 1179 229 1226 Veneris,
255 1192 337 1228 quae
363 1181 402 1217 in
422 1179 590 1219 Pantheo
612 1179 793 1229 deinceps
819 1178 918 1218 culta
940 1179 1014 1227 est,
1032 1179 1226 1228 pependit.
1256 1179 1330 1219 Ce-

53 1245 177 1278 terum
204 1240 242 1278 in
270 1239 485 1278 dedicando
513 1239 603 1288 Julii
630 1240 776 1290 templo
803 1239 885 1279 ludi
908 1241 1000 1279 varii
1030 1241 1175 1290 generis
1210 1241 1326 1282 editi:

54 1302 211 1351 “frojam
244 1302 389 1353 patricii
413 1304 523 1353 pueri
548 1301 743 1342 luserunt:
778 1303 845 1342 viri
871 1315 989 1352 equos
1017 1302 1242 1343 desultorios
1268 1304 1334 1349 bias

54 1364 192 1415 gasque
224 1367 259 1404 8(
285 1365 483 1415 quadrigas
511 1365 722 1416 agitarunt:
752 1367 787 1405 δε
823 1364 973 1405 senator
997 1366 1153 1416 quidam
1181 1367 1219 1405 in
1248 1379 1329 1406 area

56 1441 104 1466 na
132 1428 372 1478 depugnavit.
403 1429 563 1468 Venatio
585 1441 737 1478 quoque
757 1428 907 1478 infignis
926 1429 1053 1475 edita,
1071 1430 1219 1468 &inter
1237 1429 1330 1469 alias

56 1490 152 1529 feras
183 1490 403 1529 rhinoceros
433 1491 468 1529 ἃ
500 1489 799 1540 hippopotamus
822 1490 958 1539 occisi,
985 1503 1067 1540 quae
1088 1504 1223 1540 genera
1249 1494 1331 1531 ani.

57 1552 215 1592 malium
244 1565 441 1602 nunquam
464 1561 551 1590 ante
574 1552 699 1592 Roma
720 1553 874 1592 viderat.
900 1553 1051 1592 Turmae
1069 1567 1221 1604 quoque
1238 1556 1331 1594 Sue-2

57 1626 224 1660 vorum,
263 1625 356 1663 quos
397 1613 435 1651 in
462 1612 659 1662 triumpho
688 1613 859 1653 Carrinas
896 1614 1078 1662 duxerat,
1116 1615 1332 1654 Dacorum-

58 1688 131 1725 que
158 1684 357 1725 captorum
381 1674 535 1714 Actiaco
568 1674 692 1723 bello,
727 1675 867 1714 infestis
889 1675 1001 1714 armis
1025 1676 1063 1713 in
1089 1676 1328 1726 voluptatem

54 1738 206 1776 vietor-is
233 1735 368 1786 populi
391 1744 672 1776 concurrerunt.
707 1735 832 1775 Dacos
862 1738 896 1776 Sc
929 1736 1041 1775 Getas
1067 1750 1145 1776 non
1177 1736 1329 1787 sangui„

55 1798 113 1837 uis
139 1797 354 1846 diveriitas,
383 1797 447 1836 sed
472 1799 671 1848 regionum
696 1796 781 1836 fitus
804 1797 1015 1847 distinguit3
1045 1798 1159 1837 Dacis
1180 1799 1227 1837 ad
1254 1799 1329 1838 Da.¹²

55 1861 216 1900 nubium
239 1862 273 1899 ἃ
296 1860 507 1900 Germaniae
526 1859 664 1909 finem,
685 1859 788 1899 Getis
809 1858 933 1898 versus
958 1859 1122 1899 Pontum
1145 1863 1179 1900 ἃ
1195 1862 1328 1901 Orien.

56 1932 137 1961 tem
166 1920 435 1960 habitantibus.

126 1983 366 2024 LXXXVII.
393 1984 512 2023 Partis
534 1982 666 2022 harum
693 1984 864 2034 gentium
885 1996 951 2022 rex
974 1982 1105 2023 Cotiso
1130 1997 1206 2024 non
1237 1986 1330 2024 ami.

56 2046 182 2084 citiam
213 2046 330 2085 modo
354 2047 484 2095 paetus
511 2057 601 2083 cum
631 2045 773 2085 Caesare
790 2075 801 2093 ,
828 2040 894 2084 sed
920 2045 1034 2083 etiam
1058 2045 1248 2096 geminam
1274 2046 1330 2085 as.

57 2109 242 2147 finitatem
270 2107 415 2155 fuerat,
440 2106 509 2146 fibi
533 2106 716 2156 desponsa
746 2106 843 2154 J'ulia
859 2136 871 2154 ‚
902 2105 1137 2157 vicissimque
1158 2106 1222 2145 sua
1252 2107 1329 2147 filia

60 2168 205 2209 Caesari.
250 2169 428 2208 Ceterum
462 2181 548 2208 cum
583 2168 713 2208 deludi
747 2169 784 2207 se
820 2168 946 2219 postea
984 2168 1145 2207 sentiens
1183 2168 1329 2218 legatos

57 2232 191 2272 frustra
220 2231 396 2279 mififfet,
424 2232 472 2270 ad
495 2232 653 2271 Antonii
692 2240 817 2281 partes
852 2229 1093 2282 popularium
1126 2230 1329 2270 inclinavit

58 2295 220 2333 animos.
253 2292 328 2332 Sed
349 2304 419 2331 nec
446 2292 499 2330 illi
530 2291 695 2331 multum
720 2293 866 2342 profuit
895 2293 1044 2331 istarum
1071 2292 1240 2342 gentium
1270 2292 1333 2330 sou-

58 2357 198 2402 metas,
225 2356 260 2394 ἂ
283 2354 367 2405 ipiis
395 2355 662 2394 tantummodo
688 2353 839 2394 causam
855 2354 1017 2394 Romani
1044 2352 1134 2393 belli
1153 2353 1326 2403 praebuit⁶

107 2474 128 2510 Ε
151 2472 318 2506 LXXXV.
345 2473 436 2517 frag.
465 2471 615 2515 Capitol.
640 2474 747 2510 Strab.
771 2474 795 2506 l.
821 2484 870 2505 12.
896 2473 977 2505 Dio.
998 2472 1092 2515 Pigh.
1117 2474 1226 2504 annal.
1248 2471 1334 2512 Sue„-

61 2525 133 2558 ton.
164 2519 198 2552 in
223 2519 312 2564 Aug.
332 2529 362 2554 c.
380 2529 436 2563 30.
459 2517 481 2562 §
505 2517 693 2557 LXXXVI.
713 2518 794 2563 Dio¹2
814 2519 957 2560 Sueton,
980 2518 1013 2551 'ui
1040 2517 1128 2561 Aug.
1147 2528 1177 2553 c.
1195 2526 1253 2560 43.
