1617 2963
221 179 284 227 72
385 162 478 210 JO.
517 158 1011 208 FREINSHEMII
1057 159 1412 212 SUPPLEM.

223 266 368 308 habere
400 268 468 309 sub
502 268 612 318 fignis
643 266 812 308 instituit.
850 266 938 307 Hoc
977 266 1099 318 ipsum
1136 270 1390 312 incitamento
1427 270 1508 313 illis

220 329 320 378 fuit,
346 339 388 369 ut
422 330 544 369 acrius
572 336 842 378 moverentur,
869 328 1076 382 multisque
1105 333 1141 372 &
1173 332 1324 373 diverfis
1358 335 1505 375 artibus

223 394 273 434 ad
304 393 558 431 coercendum
585 404 684 442 opus
710 391 813 431 esset.

275 455 387 496 XXI.
418 455 517 496 Nam
552 455 660 494 initio
685 467 826 503 paucos
855 467 1011 504 eorum,
1040 457 1103 506 qui
1125 456 1288 508 plurima
1308 457 1506 499 habebant

220 517 432 567 stipendia,
467 520 613 557 circum
639 517 770 557 Galliae
800 516 971 558 colonias
1003 518 1189 559 distribuit
1211 534 1222 568 3
1249 520 1422 561 futurum
1449 534 1506 561 ra-

221 586 309 624 tus,
341 589 382 617 ut
407 581 545 626 ceteri,
573 579 640 629 spe
670 578 786 629 paulo
827 579 910 630 post
938 580 1173 629 adipiscendi
1206 583 1340 621 eadem
1359 614 1369 631 ,
1394 580 1505 633 quie'-

220 639 379 681 scerent.
409 641 483 682 Ubi
511 654 559 679 ne
588 641 636 680 fic
663 641 816 691 quidem
848 641 1103 681 consederunt
1134 644 1279 691 animi,
1305 653 1502 694 correptos

221 701 467 754 quosdamex
481 701 764 742 seditiofiffimis
787 702 884 742 affici
910 703 1096 754 supplicio
1111 705 1232 754 juffit3
1251 715 1392 744 terrore
1405 719 1505 756 quae-

217 767 355 808 siturus
392 765 643 816 obsequium,
666 767 770 817 quod
800 778 1007 815 provocare
1037 777 1104 815 per
1135 765 1332 807 lenitatem
1370 768 1504 818 nequi-

217 828 338 869 viffet.
366 827 469 869 Tum
491 839 578 865 vero
604 825 728 876 palam
757 826 990 871 frementes,
1018 839 1083 875 per
1108 827 1385 867 fimulationem
1409 841 1503 869 con-

218 891 341 930 cionis
365 889 551 928 habendae
579 888 794 938 legionibus
812 887 1081 936 circumfudit3
1100 888 1288 939 armisque
1312 891 1473 929 ademtis
1488 921 1503 940 ,

218 963 309 990 cum
353 951 569 1000 ignominia
605 960 739 987 omnes
769 948 919 986 dimifit.
959 948 1044 987 Hoc
1082 949 1241 989 demum
1273 949 1378 990 facio
1404 951 1502 989 invi-

216 1014 322 1054 <stum
362 1012 514 1053 Caesaris
546 1014 745 1058 animum,
773 1009 954 1060 suamque
980 1010 1283 1051 imbecillitatem
1315 1013 1411 1051 veris
1443 1013 1501 1051 in-

218 1077 328 1116 diciis
360 1075 606 1121 aestimantes,
634 1074 727 1114 seria
753 1075 981 1123 poenitentia
1017 1086 1269 1114 exoraverunt
1295 1076 1502 1125 imperato-

216 1150 321 1186 rem,
347 1146 389 1176 ut
416 1136 557 1176 milites
584 1137 666 1175 fieri
705 1147 907 1187 pateretur.
949 1139 1072 1186 Atque
1101 1135 1164 1174 ille
1193 1138 1386 1186 mitigatus
1417 1151 1501 1188 pre.

218 1199 353 1247 cibus,
385 1200 420 1239 &
453 1211 549 1248 opus
583 1198 728 1237 habens
753 1198 950 1246 exercitu,
979 1208 1238 1247 praetereaque
1261 1196 1499 1246 subveritus,

213 1274 265 1300 ne
292 1261 339 1300 ad
368 1260 814 1308 Antonium‚occafione
839 1261 952 1308 data,
972 1259 1009 1300 se
1025 1258 1262 1307 conferrent,
1290 1258 1392 1300 haud
1418 1274 1499 1311 gra„

211 1323 332 1361 vatim
358 1322 517 1370 annuit3
536 1320 760 1372 semperque
781 1320 909 1371 postea
930 1319 1097 1361 militum
1126 1333 1258 1360 eorum
1283 1321 1380 1362 forte
1402 1321 1500 1364 fide«

212 1381 319 1433 lique
347 1395 462 1432 opera
486 1381 571 1421 usus
605 1381 669 1420 est.

271 1445 402 1486 XXII.
437 1444 804 1485 Duodetricefimum
837 1445 957 1485 aetatis
987 1457 1128 1484 annum
1157 1443 1276 1484 Caesar
1299 1452 1382 1485 tum
1406 1458 1497 1497 age-

212 1508 307 1555 bat,
334 1508 442 1548 laetus
478 1507 733 1555 successum,
760 1509 794 1547 δι
823 1508 962 1558 ubique
993 1517 1148 1558 propter
1176 1508 1356 1548 exstincta
1395 1508 1497 1550 bella

212 1570 364 1619 magnis
391 1569 516 1608 cultus
547 1568 770 1608 honoribus.
803 1582 893 1609 nam
918 1571 954 1609 &
990 1567 1121 1619 passim
1147 1581 1168 1606 a
1199 1570 1414 1610 civitatibus
1436 1571 1496 1610 in-

210 1639 269 1672 ter
301 1630 481 1670 tutelares
503 1631 603 1670 Deos
627 1631 852 1670 habebatur.
878 1631 930 1671 Eo
955 1630 1216 1681 impatientius
1244 1630 1392 1675 ferens,
1414 1644 1495 1673 non

209 1692 303 1732 alibi
338 1693 484 1740 modo,
510 1691 575 1732 sed
607 1694 645 1730 in
669 1692 745 1741 ipsa
772 1692 879 1731 Italia
909 1691 1034 1732 laceffi
1065 1704 1226 1742 pacem3
1255 1691 1410 1730 dimiffis
1429 1692 1496 1731 ad-

210 1755 336 1795 versus
364 1755 454 1794 alias
479 1763 609 1804 gentes
645 1754 829 1802 ducibus,
855 1755 935 1805 ipse
961 1756 1089 1794 statuit
1117 1754 1285 1806 Japydas
1311 1755 1494 1805 aggredi,
1553 1767 1555 1770 ⁴
1612 1736 1614 1750 ζ

212 1815 516 1855 bellicosissimos
556 1815 759 1859 homines,
792 1816 969 1867 adeoque
1009 1815 1128 1855 firmis
1161 1817 1416 1865 corporibus,
1449 1824 1494 1856 ut

210 1877 406 1918 laboribus
446 1877 508 1916 vix
538 1876 606 1916 sub
649 1890 856 1917 extremam
898 1888 1049 1918 aetatem
1091 1880 1250 1925 cedant,
1283 1883 1317 1919 ὁὶ
1350 1880 1491 1929 reperti

211 1939 302 1988 sint,
327 1940 389 1989 qui
421 1938 488 1978 sub
515 1938 763 1978 centesimum
789 1941 873 1979 vitae
902 1952 1068 1984 annum,
1095 1939 1199 1978 nulla
1229 1939 1372 1979 militiae
1400 1953 1492 1978 mu·-

209 2004 273 2042 nia
303 2001 564 2040 detrectarent.
611 2000 660 2040 Hi
686 2000 900 2050 Aquilejam
932 2000 1048 2050 usque
1085 2010 1347 2047 excurrerant,
1374 2000 1490 2040 etiam

210 2062 389 2112 Tergeste
424 2061 641 2101 Romanam
676 2061 870 2101 coloniam
904 2061 1123 2110 depraedati.
1153 2061 1227 2100 Sed
1264 2062 1491 2101 Avendeatae

210 2123 368 2174 quidem
400 2134 488 2161 cum
528 2122 598 2169 iis,
625 2123 687 2172 qui
714 2122 932 2161 Monetium
968 2121 1212 2168 incolebant,
1239 2122 1343 2170 quod
1370 2121 1493 2161 hodie

208 2182 368 2224 Croatiae
401 2184 587 2233 oppidum
614 2184 689 2229 est,
711 2181 815 2221 haud
847 2181 982 2234 procul
1012 2182 1144 2221 Vanna
1168 2181 1351 2228 flumine,
1378 2183 1492 2220 adve-

206 2247 329 2288 nienti
362 2247 398 2285 se
432 2246 676 2286 dediderunt.
708 2249 747 2284 in
776 2248 937 2293 ceteris,
973 2245 1178 2294 praesertim
1209 2246 1274 2294 qui
1305 2252 1490 2284 montana

202 2305 428 2348 incolebant
442 2335 453 2354 ,
475 2306 751 2358 perdomandis
772 2306 959 2358 plurimus
977 2305 1085 2345 labor
1108 2305 1206 2345 fuit.·
1223 2306 1375 2346 Horum
1395 2307 1489 2346 Aru.

249 2426 363 2469 §xx
385 2425 526 2460 Sueton.
545 2426 581 2459 in
607 2426 693 2471 Aug.
719 2438 748 2458 c
769 2436 824 2464 47.
852 2426 999 2470 Appian-
1024 2423 1129 2461 Otos.
1155 2425 1200 2468 6,
1223 2433 1277 2470 19.
1298 2424 1379 2460 Dio.
1400 2423 1482 2457 Liv

202 2470 296 2516 Epi!
320 2471 674 2521 §XX1.5uet0n.1n
703 2471 791 2516 Aug
814 2480 844 2506 e.
866 2481 922 2513 24.
943 2469 1026 2504 Dio.
