1617 2963
252 172 334 218 IN
382 171 562 217 LOC.
606 171 747 216 LIB.
786 168 1009 217 CXXXII
1059 172 1208 219 LIV.
1305 188 1368 235 97

89 277 159 330 est,
175 280 214 330 fi
239 279 384 331 eoufijue
412 278 586 316 muliebris
611 277 746 326 exceffi‘t
770 279 959 325 temeritas,
990 291 1028 316 ut
1052 279 1197 332 pretium
1227 273 1371 332 ob’scoeni

87 340 244 393 conjugii
260 343 452 379 Romanum
477 340 652 392 imperium
674 352 796 391 petat,
825 341 861 377 6»
878 356 942 393 per
959 341 1151 393 jura,quae
1162 342 1211 392 fit
1237 342 1274 378 in
1299 342 1369 380 Ca·

6 415 25 438 f
81 402 211 454 pitolio
233 404 382 449 datura,
394 402 510 454 jurare
527 402 739 453 conficevcric
760 403 878 439 5>Haec
901 404 1002 440 etiam
1027 404 1152 440 audine
1176 404 1277 441 vobis
1290 417 1372 455 gra-

87 463 151 500 via
179 462 241 514 effi
270 463 532 508 ammadverto,
561 473 598 498 ut
624 462 708 498 milzi
736 473 819 499 certe
855 464 946 499 dian
973 463 1071 514 siml.
1113 465 1185 502 Sed
1212 465 1372 517 quemad-

90 524 224 560 modum
264 537 360 560 omen
387 524 478 575 istud
498 522 620 574 procul
656 537 678 558 a
699 523 798 560 nobis
828 523 1012 574 patriaque
1045 526 1150 577 abeffi’
1183 527 1375 574 volumus,-

87 584 141 622 ita
179 585 341 636 necefficm
373 586 440 637 est,
474 596 512 621 ut
540 584 646 622 armis
684 595 786 634 atque
815 585 1005 631 manibus,
1024 585 1224 638 firmamque
1267 600 1374 624 rerum

88 661 176 698 ope,
198 649 231 685 δ’
247 678 258 695 ,
275 648 313 698 fi
333 646 436 685 aliter
459 658 627 699 nequeat,
650 647 710 684 vel
730 647 817 684 nudi
841 649 989 698 corporis
1015 648 1165 699 objefflz,
1198 651 1287 688 hanc
1313 665 1376 701 pe-

82 710 165 761 stem
188 723 290 762 atque
308 711 370 748 hoc
392 709 494 762 anc'as
518 710 754 747 abarceamus.
780 709 873 748 Haec
899 710 932 747 8(
953 708 1086 747 similia
1106 709 1275 758 locutus,
1295 725 1375 751 non

89 778 218 808 tamen
258 770 410 816 institit,
444 779 486 808 ut
515 769 683 808 Antonio
720 768 863 807 bellum
900 769 1166 808 indiceretur:
1203 772 1374 819 praestare

91 829 291 878 credebat,
318 830 340 867 s1
371 827 572 868 homi‘nem
599 827 809 878 Cleopatrae
838 829 988 879 penitus
1012 829 1207 868 addictum
1229 832 1267 869 in
1288 845 1373 872 eam

88 893 278 931 invidiam
309 892 545 940 conjiceret,
572 901 613 930 ut
635 902 799 930 externae
833 893 971 941 reginae
1006 891 1117 931 causa
1144 904 1275 932 contra
1307 909 1378 945 pa-

88 953 200 992 triam
223 954 420 1003 civesque,
446 952 550 992 nulla
566 965 604 991 re
631 952 761 1000 laesus,
790 966 893 992 arma
919 954 1140 1004 corripuiffe
1169 957 1374 998 videretur.

144 1016 247 1056 XVI.
287 1016 506 1055 Maximum
547 1015 586 1054 id
623 1015 792 1054 civilium
820 1016 1016 1063 omnium,
1050 1028 1165 1066 atque
1195 1029 1377 1058 externo-

88 1093 176 1119 rum
198 1082 315 1118 etiam
340 1078 529 1118 bellorum
549 1077 694 1128 populo
720 1078 897 1117 Romano
920 1078 1006 1116 fuit.
1033 1079 1193 1118 Galliam
1217 1095 1377 1123 omnem

88 1142 419 1191 Hispaniamque,
454 1143 490 1180 ἃ
518 1149 679 1189 excepta
707 1140 916 1189 Cyrenaica
952 1139 1145 1187 Africam,
1179 1143 1376 1194 illyricum

89 1204 203 1243 etiam
229 1204 264 1242 ἃ
289 1200 430 1241 insulas
462 1200 689 1249 Occidentis
715 1198 835 1238 Caesar
871 1199 1059 1239 trahebat.
1095 1202 1171 1241 Sed
1202 1206 1238 1242 δε
1265 1204 1376 1244 Italia

88 1265 243 1317 publice
278 1277 346 1314 pro
375 1262 544 1313 partibus
566 1264 648 1311 ejus
677 1264 954 1310 conjuraverat.
984 1277 1059 1313 quo
1094 1275 1269 1316 tempore
1300 1281 1375 1306 ne-

90 1327 272 1367 ceffitatis
296 1327 376 1374 ejus
398 1325 557 1375 gratiam
579 1324 879 1364 Bononiensibus
899 1324 991 1363 fecit
1006 1356 1017 1374 ‚
1042 1337 1245 1376 propterea
1269 1330 1374 1377 quod

91 1389 300 1439 antiquitus
322 1388 362 1426 in
382 1387 638 1426 Antoniorum
667 1385 843 1425 clientela
864 1386 1025 1425 fuerant.
1068 1389 1114 1427 At
1137 1390 1345 1429 Antonium
1359 1421 1374 1439 ‚

91 1451 278 1502 quidquid
311 1462 377 1500 per
409 1450 532 1489 Asiam
562 1448 747 1488 Romanae
789 1448 949 1487 ditionis
985 1458 1089 1495 erat,
1121 1449 1374 1500 Thraciaeque

88 1513 249 1565 populi,
277 1515 312 1552 ἃ
345 1525 435 1551 cum
462 1511 602 1551 Graecis
635 1511 899 1558 Macedones,
935 1511 984 1550 ad
1009 1511 1156 1562 Illyrios
1184 1513 1300 1562 usque
1336 1516 1374 1553 δε

89 1576 251 1625 jonium
282 1588 410 1621 mare,
444 1573 704 1625 ffigyptusque
729 1576 764 1613 ἅ
795 1575 966 1625 Cyrene,
991 1585 1078 1613 cum
1106 1575 1374 1623 adjacentibus

89 1638 252 1684 insulis,
284 1637 549 1687 sequebantur.
588 1637 709 1686 Reges
739 1637 831 1686 quin
853 1638 974 1675 immo
1002 1645 1116 1686 atque
1143 1637 1341 1676 tetrarehae
1359 1668 1372 1686 ,

88 1699 179 1740 socii
212 1699 500 1745 Romanorum,
527 1706 592 1736 aut
612 1697 763 1737 finitimi
798 1697 931 1737 saltem
961 1711 1094 1736 omnes
1118 1698 1261 1738 auxilia
1285 1701 1374 1739 mit-

91 1763 237 1802 tebant.
275 1761 396 1811 Igitur
429 1762 584 1800 navium
618 1760 722 1799 haud
762 1761 887 1799 minus
920 1761 1136 1811 quingentis
1166 1773 1371 1812 coegerat3

89 1826 131 1864 in
154 1824 212 1863 his
238 1823 400 1872 multas,
425 1836 507 1873 quae
533 1825 642 1871 odio,
671 1822 730 1862 vel
755 1825 871 1862 etiam
899 1823 1033 1862 decem
1059 1824 1244 1874 remigum
1270 1826 1374 1865 ordi-

89 1887 203 1927 nibus
237 1886 467 1937 agebantur,
499 1899 578 1925 non
609 1895 652 1925 ut
685 1886 724 1924 in
753 1885 897 1924 bellum
933 1886 1079 1935 magis,
1109 1899 1222 1936 quam
1255 1900 1374 1937 pom-

90 1960 181 2000 pam
217 1949 252 1987 &
290 1947 585 1986 ostentationem
620 1955 785 1985 armatae.
838 1945 1027 1985 Pedestres
1061 1946 1180 1995 copiae
1215 1958 1373 1990 centum

91 2010 211 2050 millia
242 2009 432 2055 militum,
460 2009 671 2048 duodecim
705 2010 875 2059 equitum
909 2008 1176 2047 continebant.

146 2074 271 2115 XVII.
300 2074 425 2125 Reges
456 2074 570 2113 etiam
603 2073 652 2112 ad
688 2071 961 2111 commilitium
990 2082 1168 2111 venerant
1201 2085 1249 2112 ex
1278 2072 1375 2111 Afri-

93 2148 138 2175 ca
166 2136 323 2186 Bogud,
357 2148 402 2174 ex
434 2135 515 2175 Afia
548 2134 898 2180 Tarcondimotus,
925 2132 1068 2173 Ciliciae
1104 2147 1194 2179 rex,
1229 2134 1374 2173 Arche-

93 2199 176 2238 laus
209 2197 487 2248 Cappadociae,
509 2196 778 2246 Paphlagoniae
810 2194 1102 2246 Philadelphus,
1129 2198 1165 2235 δί
1192 2196 1374 2235 Comma-

95 2273 210 2311 genes
231 2259 489 2299 Mithridates.
519 2259 590 2298 His
613 2258 766 2308 Europa
793 2257 969 2298 Sadalem
996 2272 1016 2297 a
1041 2258 1207 2298 Thracia
1231 2258 1370 2306 junxit.

94 2325 276 2372 Amyntas
300 2322 336 2360 &
366 2319 550 2360 Polemon
574 2319 668 2358 alios
699 2333 767 2369 pro
793 2318 830 2358 se
857 2320 971 2359 duces
1001 2332 1050 2359 ex
1072 2319 1312 2369 Gallograecis
1337 2320 1375 2359 &

143 2436 164 2479 ξ
189 2435 264 2466 XV.
289 2435 377 2472 Flos.
406 2434 548 2477 Eutrop.
571 2434 653 2469 Dio.
677 2436 697 2481 ὃ
718 2436 810 2474 XVI.
832 2436 921 2472 Plut.
945 2438 981 2471 in
1007 2438 1137 2471 Anton.
1165 2448 1194 2468 ci
1217 2446 1272 2480 79.
1295 2435 1375 2482 Suc&

96 2489 170 2515 ton.
200 2481 233 2512 in
258 2481 343 2523 Aug.
365 2491 392 2511 c.
423 2492 469 2519 ¹7·
494 2479 574 2510 Dio.

160 2535 213 2586 Τ.
246 2535 340 2585 Liv.
374 2535 471 2580 Vol.
508 2533 626 2583 XII.
1135 2532 1178 2579 G
