1617 2963
243 179 332 238 2518
405 176 1429 230 JO.FRE1NSHEMHSUPPLEM.

240 285 347 335 gusto
364 282 508 328 miss'us,
524 293 653 331 pugna
671 282 812 320 vicerat
830 281 877 320 ad
896 281 1008 333 Alpes
1029 283 1296 333 Tridentinas,
1317 286 1407 325 ideo
1427 295 1520 336 praeni

237 349 343 389 toriis
372 345 576 397 insignibus
604 343 826 383 honoratus.
851 344 906 384 Ab
937 346 1076 385 eodem
1104 347 1245 386 finibus
1267 348 1409 388 Italicis
1435 348 1521 388 sub-

235 408 358 454 moti.
378 406 444 445 ubi
462 404 591 444 Galliae
613 404 734 443 infesti
761 405 1040 453 incubuerunt,
1058 409 1175 448 etiam
1191 409 1365 450 Tiberius
1390 411 1428 450 in
1455 424 1520 449 eos

236 469 381 517 miffus,
397 468 550 518 quando
567 469 601 506 ἃ
616 466 800 507 Vindelici
819 480 907 506 cum
924 468 1065 508 Rhaetis
1084 470 1120 509 se
1139 473 1430 521 conjunxerant.
1451 473 1520 521 Hi,

236 532 360 573 divifis
399 529 598 580 partibus,
626 542 693 580 per
734 529 770 568 se
801 532 836 569 Sc
862 529 1009 581 legatos
1041 532 1213 582 pluribus
1249 533 1344 573 locis
1371 534 1519 575 hostem

235 591 424 644 aggressi,
450 590 582 630 multis
614 590 768 629 urbium
801 592 837 631 ὃς
869 592 1108 632 castellorum
1139 596 1517 645 oppugnationibus9

232 656 410 697 Tiberius
439 655 554 693 etiam
588 666 655 704 per
687 653 815 693 lacum
844 655 1006 704 navigiis
1036 654 1263 705 subvectus,
1287 657 1518 708 carpserunt.

232 718 347 767 justis
376 729 531 768 quoque
568 714 712 766 proeliis
753 716 1000 765 dimicatum,
1028 730 1049 756 a
1077 717 1234 758 Tiberio
1265 721 1465 769 praecipue.

288 781 363 822 LV.
392 782 476 820 Nec
514 792 716 819 occurrere
744 779 838 818 locis
872 781 1052 819 omnibus
1090 780 1235 819 barbari
1264 793 1352 820 curn
1381 795 1519 832 magna

235 842 484 885 multitudine
514 849 716 892 poterant3
743 843 776 880 &
808 840 994 890 quidquid
1019 841 1160 891 ubique
1183 843 1518 893 intercipiebatur„

235 911 272 947 δι
307 908 454 958 animos
481 913 696 942 ceterorum
725 905 760 942 ἃ
786 903 881 941 vires
914 902 1127 942 minuebat.
1171 904 1290 954 Igitur
1320 918 1366 944 eo
1394 906 1516 945 dedu-

232 974 294 1011 &a
317 983 373 1008 res
396 970 472 1017 est,
499 978 540 1006 ut
561 968 651 1007 vieti
684 980 705 1005 a
729 965 907 1005 fratribus
931 996 942 1013 ,
976 965 1014 1003 in
1047 966 1181 1016 populi
1212 968 1374 1007 Romani
1403 970 1519 1008 ditioe

231 1046 322 1071 nem
360 1032 630 1070 concederent.
663 1029 854 1075 Vsttores,
885 1028 1109 1078 frequentiae
1144 1028 1345 1069 hominum
1382 1031 1517 1071 ferita-

230 1096 336 1145 tique
363 1093 492 1140 diffifi,
521 1092 709 1142 quidquid
743 1099 853 1140 aetate
887 1103 933 1129 ac
965 1090 1102 1130 robore
1133 1093 1306 1133 validum
1329 1094 1424 1143 ruit,
1454 1096 1519 1135 ab-

230 1161 445 1202 duxerunt„
470 1155 626 1203 relictis,
646 1155 710 1204 qui
732 1167 820 1204 agro
839 1153 1004 1192 colendo
1021 1152 1163 1203 magis,
1185 1167 1298 1203 quam
1318 1156 1517 1196 turbandis

229 1220 364 1266 rebus,
386 1218 610 1256 sufficerent.
640 1217 701 1256 Sic
724 1217 761 1254 in
789 1216 995 1266 provinciae
1025 1215 1188 1255 formam
1211 1217 1373 1267 redacti,
1402 1221 1516 1258 unius

228 1281 362 1321 aestatis
396 1279 522 1325 bello,
553 1278 618 1317 sed
650 1278 725 1316 fida
752 1278 936 1326 victoria,
961 1280 995 1317 &
1021 1277 1162 1317 multos
1201 1280 1240 1317 in
1261 1293 1385 1320 annos
1412 1282 1516 1331 quie-

227 1353 306 1382 tem
340 1342 388 1381 ab
428 1341 485 1380 his
514 1339 692 1391 gentibus
726 1342 760 1379 ἃ
796 1339 935 1378 tributa
966 1341 1175 1389 praestante.
1214 1341 1409 1392 Coloniae,
1432 1346 1513 1382 vin-

227 1404 315 1443 cula
354 1404 589 1443 domitarum
626 1403 820 1453 gentium,
855 1403 894 1441 in
928 1401 1075 1442 Rhaetia
1121 1403 1401 1455 Drusomagus,
1431 1407 1514 1446 Au·-

225 1467 330 1517 gusta
361 1467 401 1504 in
438 1464 649 1504 Vindelicis
681 1466 862 1504 excitatae.
916 1465 1018 1505 Inter
1048 1474 1108 1505 tot
1142 1465 1257 1515 hujus
1288 1468 1375 1507 anni
1410 1468 1512 1518 gesta

225 1529 336 1567 Vedii
369 1540 523 1578 quoque
564 1526 744 1566 Pollionis
775 1539 876 1565 mors
920 1527 1068 1566 invenit
1098 1527 1253 1576 locum,
1294 1528 1507 1568 divitiarum

222 1599 374 1631 tantum
406 1592 440 1630 8<
472 1589 621 1629 saevitiae
654 1590 810 1628 nomine
842 1590 946 1638 noti3
986 1589 1050 1628 sed
1087 1590 1128 1629 in
1158 1603 1233 1640 quo
1258 1591 1508 1632 memorabile

221 1654 367 1693 fadum
398 1651 552 1702 Augusti
580 1664 657 1690 non
695 1652 891 1690 immerito
925 1649 1148 1691 celebratur.

284 1713 380 1755 LVI.
422 1715 637 1754 Libertinus
670 1713 811 1761 homo,
845 1714 986 1753 deinde
1019 1722 1191 1764 receptus
1225 1714 1264 1753 in
1297 1714 1505 1764 equestrem

221 1774 419 1820 ordinem,
449 1786 635 1812 muraenas
660 1773 786 1812 alebat
812 1775 850 1812 in
879 1774 1046 1824 piscina3
1070 1775 1174 1824 quod
1204 1774 1247 1812 iis
1268 1773 1505 1824 temporibus

224 1836 362 1875 divites
397 1835 639 1874 affectabant.
672 1837 746 1875 Sed
783 1837 918 1875 ceteris
958 1837 1204 1875 innocentior
1243 1835 1356 1875 luxus
1394 1844 1502 1875 erat:-

221 1896 287 1935 hic
321 1896 454 1935 iisdem
489 1897 538 1935 ad
578 1896 843 1935 crudelitatem
877 1898 1128 1945 abutebatur,
1164 1896 1308 1945 servos,
1332 1897 1371 1934 in
1405 1909 1501 1946 quos

218 1957 520 1996 animadvertere
544 1955 720 2003 volebat,
739 1957 945 2005 objiciens,
969 1966 1010 1995 ut
1030 1959 1169 2007 pariter
1189 1957 1306 1996 totIus
1331 1956 1499 1995 hominis

221 2019 385 2059 distraffi
402 2049 412 2066 ,
434 2027 618 2068 tanquam
644 2019 798 2069 egregio
832 2018 1048 2069 speetaculo
1081 2020 1278 2058 frueretur.
1303 2018 1390 2058 Hoc
1416 2019 1502 2068 supa

219 2080 337 2132 plicio
369 2080 491 2130 perire
526 2078 643 2128 juss'us
680 2091 801 2129 puer,
829 2081 894 2129 qui
923 2080 1021 2118 forte
1047 2079 1301 2130 crystallinum
1339 2078 1499 2118 calicem

217 2142 406 2192 fregerat,
435 2140 491 2194 ad
510 2139 662 2189 Augusti
688 2140 910 2179 accubantis
939 2141 1054 2190 pedes
1085 2141 1279 2190 provolvit
1301 2140 1401 2188 sese,
1418 2154 1498 2179 non

220 2212 409 2249 mortem,
433 2202 499 2240 sed
523 2202 740 2241 foeditatem
765 2214 890 2251 poenae
917 2202 1153 2252 deprecatus.
1184 2202 1406 2252 Susceperat
1429 2204 1500 2241 mi<-

217 2264 288 2303 seri
315 2264 569 2314 patrocinium
603 2263 750 2312 Caesar3
777 2277 848 2302 nec
882 2264 1001 2303 homo
1029 2265 1209 2315 superbus
1244 2268 1277 2304 ἃ
1306 2263 1495 2304 truculenz

219 2339 281 2367 tus
306 2328 449 2366 exorari
474 2327 703 2377 patiebatur.
738 2327 858 2378 Igitur
886 2327 1026 2376 Caesar,
1044 2327 1166 2366 afferri
1187 2328 1322 2377 jubens
1346 2337 1494 2376 cetera,

284 2445 305 2488 §
332 2446 422 2479 LIV.
451 2447 592 2479 Sueton.
618 2446 650 2478 in
680 2445 756 2479 Tib.
780 2457 810 2479 c.
832 2456 866 2489 9.
897 2447 976 2479 Dio.
1002 2446 1111 2479 Strab.
1137 2448 1160 2479 l.
1190 2457 1240 2488 ¹4·
1263 2447 1353 2483 flor.
1377 2457 1416 2490 4,
1442 2456 1494 2479 η».

222 2489 347 2534 Vellej.
377 2502 417 2533 2,
440 2501 494 2535 95ae
520 2491 542 2536 §
566 2491 639 2526 LV.
662 2490 744 2525 Dio.
764 2490 842 2524 [ἰν.
862 2491 952 2534 Epit.
979 2492 1083 2530 Strab.
1104 2493 1128 2525 l.
1151 2502 1183 2532 4.
