1617 2963
202 173 284 220 IN
320 172 495 219 LOC.
529 170 667 216 LIB.
701 168 928 216 CXXXV
962 164 1112 215 LIV.
1215 179 1308 217 221¹

94 280 183 320 XII.
213 281 340 320 Taxus
369 279 479 318 arbor
505 279 545 316 in
575 276 757 326 Hispania
792 275 977 314 nascitur:
1004 275 1117 324 hujus
1139 288 1159 314 e
1183 275 1310 317 bacen

43 353 232 380 venenum
264 341 552 392 exprimebant,
587 350 709 377 cetera
746 351 899 388 quoque
932 349 1008 377 tam
1040 338 1219 378 maleficae
1250 352 1314 378 na-

38 411 155 452 turae,
178 414 222 442 ut
241 404 355 452 valis,
373 416 419 442 ex
445 415 491 440 eo
516 401 620 451 ligno
643 401 776 447 factis,
804 401 890 438 vina
913 399 1046 451 diffusa
1071 410 1232 438 mortem
1257 398 1316 445 aff

38 465 175 504 ferant.
212 464 302 503 hinc
333 467 453 503 taxica
487 471 621 502 vocata
656 471 812 511 putant,
848 474 929 510 quae
962 460 1076 512 vulgo
1100 464 1220 499 toxica
1245 475 1314 500 no.⁵

39 529 243 566 minantur.
270 527 341 567 Alii
356 558 366 574 ,
389 527 529 565 toxicon
551 540 595 563 ex
619 525 721 563 herba
738 524 818 573 fieri
832 552 843 570 ,
851 525 1110 573 similitudinem
1133 525 1207 575 apii
1222 523 1316 575 refi-

35 602 150 637 νεηιε,
169 590 347 637 tradunt3
373 591 433 636 id,
457 588 617 639 quoniam
643 587 730 624 citra
757 584 903 624 dolorem
924 599 1034 632 necet,
1056 585 1221 636 affimare
1238 587 1314 624 Hi,

29 652 167 703 spanos
187 651 224 687 in
247 651 427 687 remedium
445 648 630 685 acerbvoris
657 646 780 698 casus.-
805 660 863 684 eos
883 647 1054 691 maxime,
1078 661 1161 697 quos
1186 645 1314 698 gentili

35 727 123 752 more
139 715 357 767 supervivere
377 714 451 765 post
473 725 608 752 mortem
636 713 712 763 ejus
727 742 737 757 ‚
757 711 812 749 cui
825 712 864 762 [ὲ
890 711 1108 757 devoverint,
1124 711 1226 763 neflzs
1250 713 1314 750 ha.

38 774 142 812 betur.
170 775 257 814 Hoc
289 775 406 813 modo
439 773 645 812 consumtis
680 771 887 823 plerisque,
912 783 960 809 ne
990 771 1145 819 quidem
1176 772 1311 812 servari

38 847 179 883 magna
209 848 291 885 pars
323 848 477 882 eorum,
500 836 565 884 qui
590 835 628 872 in
662 833 883 882 potestatem
911 840 1117 877 venerant,
1143 841 1312 880 potuere.

39 905 264 936 annotatum
290 897 364 945 est,
388 910 407 935 a
431 909 549 946 puero
565 927 576 944 ,
597 894 768 944 gladium
790 894 888 932 forte
912 894 1024 932 nasto
1039 922 1049 938 ‚
1073 892 1169 941 juffu
1197 896 1314 943 patris

38 967 216 1006 parentes
243 971 331 996 cum
362 957 540 995 fratribus
565 955 744 994 omnibus
770 954 1200 1003 interemt085itemque
1222 954 1317 994 alios

38 1032 114 1058 una
144 1029 299 1069 captos,
325 1032 345 1058 a
368 1018 537 1058 muliere.
567 1018 650 1057 Nec
679 1018 780 1056 enim
804 1017 869 1055 ille
896 1015 1004 1054 sexus
1031 1025 1111 1054 erat
1137 1015 1315 1056 mollior:

44 1083 80 1120 ὃ(
106 1081 295 1120 interfecti
327 1081 415 1119 sunt
441 1094 486 1120 eo
515 1079 615 1118 bello
642 1092 662 1118 a
684 1079 868 1118 matribus
903 1078 1031 1125 liberi,
1064 1090 1112 1116 ne
1141 1078 1180 1115 in
1211 1086 1317 1127 pote..

41 1144 175 1182 statem
212 1143 326 1181 hostis
372 1143 598 1180 inciderent.
648 1141 750 1179 Inter
794 1140 874 1177 haec
915 1139 1101 1178 relevatus
1142 1138 1320 1179 nonnihil

43 1206 227 1253 Augustus
255 1206 302 1240 ad
335 1204 451 1240 castra
490 1200 628 1238 rediit:
667 1199 883 1249 fraaosque
920 1202 998 1249 jam
1035 1199 1180 1250 hostes,
1213 1204 1247 1241 ἃ
1275 1203 1318 1241 in

41 1265 279 1304 deditionem
306 1273 511 1314 acceptos,
542 1263 681 1314 partim
714 1264 751 1300 in
782 1263 893 1312 plana
923 1265 1105 1309 deduxit,
1135 1279 1181 1301 ne
1210 1281 1318 1303 mon-

41 1327 138 1365 tium
165 1326 304 1364 fiducia
335 1325 583 1365 rebellarent:
610 1325 693 1363 aliis
723 1324 867 1362 obfides
895 1324 1116 1374 imperavit:
1137 1324 1316 1366 ferociffi.

40 1402 147 1428 mum
178 1401 366 1437 quemque
401 1387 467 1426 sub
494 1399 635 1425 corona
658 1386 840 1424 vendidit.

102 1457 208 1497 XIII.
238 1457 314 1496 Sub
331 1457 433 1495 idem
460 1464 609 1505 tempus
631 1455 797 1500 Astures,
821 1454 1016 1493 montibus
1040 1453 1112 1492 suis
1139 1453 1287 1505 digreffi
1301 1471 1317 1507 ,¹

43 1518 161 1557 castra
189 1520 293 1566 juxta
318 1519 462 1557 flumen
490 1518 658 1557 Asturam
693 1516 824 1568 (unde
849 1529 990 1554 nornen
1021 1518 1124 1566 genti
1148 1543 1150 1548 ,
1180 1518 1316 1567 posue.

44 1590 138 1620 tant.
165 1581 262 1620 Inde
287 1581 467 1619 trifariam
499 1579 620 1618 divifis
650 1580 794 1628 copiis,
815 1580 979 1617 totidem
1003 1579 1174 1618 Romana
1197 1582 1316 1622 castra

45 1645 321 1694 oppugnaturi,
348 1643 558 1682 maximum
590 1650 768 1680 terrorem
803 1641 997 1690 imparatis
1025 1641 1313 1693 periculumque

46 1705 278 1752 intulissent,
306 1706 371 1743 nifi
402 1705 448 1744 T.
483 1704 660 1751 Carisius,
695 1704 915 1753 Trigaecinis
945 1702 1131 1742 sociorum
1162 1705 1315 1745 confilia

47 1767 324 1817 prodentibus,
362 1767 541 1805 instructo
578 1778 666 1804 cum
706 1766 871 1804 exercitu
908 1765 1137 1804 occurrisset.
1176 1767 1318 1805 Cruen-

45 1838 128 1867 tum
156 1828 209 1867 ibi
240 1838 430 1867 certamen
469 1828 569 1875 fuit,
604 1826 733 1866 multis
769 1826 941 1875 utrinque
973 1826 1216 1873 cadentibus,
1246 1827 1318 1866 do.

44 1892 177 1930 necin
208 1891 337 1941 fugam
363 1891 435 1930 aeti
466 1890 588 1929 hostes
621 1890 801 1929 Lanciam
835 1889 983 1927 urbium
1016 1888 1165 1928 suarum
1192 1890 1315 1929 maxi-

46 1966 147 1992 marn
176 1954 441 2004 confugerunt.
471 1954 563 1992 Eam
598 1952 756 1999 milites,
789 1952 836 1990 ab
863 1952 914 1990 ira
941 1952 1142 2001 pertinacis
1174 1952 1315 2002 proelii,

48 2015 173 2054 delere
206 2017 388 2054 incendio
428 2015 660 2065 cupiebant,
699 2016 824 2053 donec
874 2015 1031 2053 Carisius
1078 2028 1156 2054 non
1197 2029 1312 2065 parvo

47 2078 150 2127 apud
178 2078 352 2128 utrosque
373 2078 550 2128 negotio,
578 2077 744 2116 barbatis
768 2078 1026 2125 deditionem,
1049 2077 1122 2117 suis
1149 2079 1314 2117 clemen.

46 2139 139 2177 tiam
170 2139 366 2188 persualit,
399 2148 441 2177 ut
471 2140 635 2178 vietoriae
661 2140 842 2178 Romanae
866 2139 962 2177 stans
989 2140 1114 2188 potius
1146 2140 1283 2179 Lancia
1300 2171 1313 2189 ,

49 2212 162 2249 quam
187 2198 359 2246 incensa,
382 2210 675 2240 monumentum
700 2198 799 2238 elset.
824 2200 934 2238 Hane
947 2200 1139 2239 victoriam
1155 2231 1165 2245 ‚
1191 2200 1316 2237 omni-

50 2260 120 2299 bus
145 2261 285 2298 circum
307 2261 656 2306 exterritis,secuta
679 2261 800 2310 gentis
824 2261 874 2299 est
892 2262 1054 2305 deditio,
1077 2261 1256 2299 concessis
1278 2261 1314 2299 ei

49 2324 97 2362 ad
112 2323 404 2363 inhabitandum
424 2323 551 2362 castris
571 2322 667 2369 suis,
688 2336 768 2372 quae
789 2324 829 2362 in
846 2323 958 2373 plano
976 2323 1105 2363 essent.
1129 2323 1189 2362 Sic
1208 2334 1314 2370 man„

102 2467 126 2511 ς
164 2465 239 2502 ΧΠ.
273 2465 356 2518 P-lin.
383 2466 441 2508 16,
462 2473 513 2501 ιο.
543 2464 649 2500 strab.
667 2463 693 2500 1.
711 2473 748 2509 3.
772 2462 863 2504 flet.
