1617 2963
266 170 360 234 '138
427 171 526 220 JO.
564 168 1076 218 FREINSHEMII
1113 167 1462 219 ΒΟΡΡῐΈΜ.Ι

264 283 460 315 certamen
500 274 684 316 Caesarem
719 276 949 325 provocavit.
997 275 1087 323 Ille,
1112 277 1289 316 deridens
1318 277 1539 325 hominem,

264 338 392 375 multas
417 349 533 390 patere
566 338 616 374 ad
639 338 788 375 exitium
813 339 896 375 vias
933 340 1117 386 morituro,
1145 338 1352 389 respondit.

316 399 432 438 XLV.
465 397 545 438 Sub
576 397 659 437 haec
686 406 889 450 tempora,
913 399 1061 450 semper
1091 399 1310 440 obversante
1341 399 1541 450 cogitatio.

261 471 311 497 ne
339 467 617 508 extremorum,
641 461 762 511 pridie
784 474 898 511 quam
923 468 1019 499 terra
1047 462 1215 514 marique
1248 460 1430 501 Caesarem
1449 460 1539 499 ado-

260 520 325 558 riri
357 520 557 570 statuerat,
577 523 679 574 super
710 537 837 561 coenam
866 521 991 576 juffiffi
1017 523 1140 575 servos
1175 522 1315 570 fertur,
1350 522 1541 560 invitarent

252 582 294 635 se
327 581 476 619 hilarius
486 597 503 630 ,-
539 583 763 635 perincertum
803 583 892 621 enim
935 583 1020 635 effi,
1053 595 1206 621 utrumne
1240 584 1398 637 postridie
1436 583 1540 620 eidem

259 644 399 682 domino
410 646 484 694 sint
511 646 740 698 ministraturi.
778 646 918 686 Eadem
954 646 1066 686 noste
1092 647 1190 685 inter
1217 647 1435 686 moestitiam
1460 643 1542 684 sus-

257 702 464 756 pensorum
501 706 536 745 ἃ
565 705 765 745 tristiffima
796 706 1102 756 opperientium,
1131 706 1255 746 subito
1285 716 1418 746 cantus
1456 707 1541 744 stre=

257 763 435 813 pitusque
467 778 534 815 per
567 767 732 807 mediam
770 767 902 806 urbem
937 766 1209 807 bacchantium
1246 767 1542 815 auditus‚dein-

261 825 312 863 de
351 839 418 876 per
455 827 652 867 obversam
685 828 782 867 hosti
823 836 973 879 portam
1017 842 1159 880 magno
1195 830 1358 869 tumultu
1399 842 1544 868 exeun-

261 888 379 937 tium,
395 891 546 930 curiofis
562 891 695 931 talium
716 892 1002 941 conjecstoribus
1029 892 1225 943 persuafit,
1239 896 1394 932 excedere
1409 894 1540 940 Deum,

261 951 302 989 δ’.
317 952 368 988 ad
387 953 491 1004 hostes
517 955 675 1003 transire,
704 968 802 1006 quem
821 970 890 1006 prae
916 956 1034 992 ceteris
1070 955 1251 992 Antonius
1278 956 1358 992 vitae
1384 955 1541 1005 habitus-

261 1026 325 1063 que
357 1013 512 1065 affeelata
537 1016 762 1065 fimilitudine
797 1016 961 1067 coluiffit.
1000 1018 1123 1066 prima
1155 1016 1299 1055 deinde
1332 1015 1438 1062 luce,
1466 1014 1543 1054 Ka-

260 1073 388 1114 lendis
409 1070 614 1116 Sd‘xtilibus
631 1107 642 1125 ,
671 1090 759 1117 cum
787 1079 933 1117 eductis
954 1078 995 1116 in
1022 1077 1162 1117 collem
1182 1079 1372 1129 quendam
1404 1078 1541 1128 copiis,

261 1150 377 1177 naves
402 1138 484 1179 suas
514 1139 714 1180 hostilibus
748 1140 902 1180 obviam
935 1142 1142 1191 procedere
1169 1141 1339 1192 vidisset,
1361 1142 1539 1193 proelium

260 1198 436 1240 futurum
475 1202 716 1252 existimans,
750 1204 942 1253 1‘pe6tandi
983 1203 1092 1243 causa
1126 1204 1295 1244 substitit.

320 1261 455 1302 XLVI.
486 1266 534 1303 At
557 1263 653 1312 illae,
686 1265 888 1315 postquam
917 1265 1132 1305 Caesarianis
1166 1266 1543 1317 appropinquarunt,

263 1321 471 1364 salutantes
502 1339 545 1365 ac
562 1327 770 1368 resalutatae
796 1328 871 1368 illis
896 1329 932 1368 se
955 1331 1262 1378 conjunxerunt,
1284 1328 1549 1380 converfisque·
1616 1348 1617 1352 =

266 1386 387 1435 proris
425 1390 600 1437 protinus
638 1402 711 1429 una
742 1390 842 1430 faeta
880 1390 1002 1431 claffis
1033 1392 1220 1442 oppidum
1249 1392 1381 1431 infesta
1413 1399 1543 1442 petere

267 1445 345 1485 visa
382 1447 443 1486 est.
490 1448 593 1489 Dum
628 1449 669 1489 in
702 1449 760 1490 his
800 1451 932 1491 oculos
969 1453 1219 1503 animumque
1247 1452 1370 1497 defixa
1400 1451 1543 1497 habet,

266 1520 359 1547 ecoe
386 1517 513 1549 autem
531 1513 566 1551 Sc
587 1514 732 1562 equites
754 1513 800 1553 ab
817 1526 862 1553 eo
886 1515 1176 1566 transfugerant.
1201 1526 1406 1565 properans
1429 1514 1542 1564 igitur

262 1570 499 1621 confligere,
531 1575 656 1614 donec
689 1573 834 1625 aliquid
871 1575 1035 1616 militum
1068 1575 1292 1627 superesset,
1326 1576 1389 1614 hic
1423 1577 1544 1614 etiam

268 1632 489 1672 adversante
529 1635 710 1685 fortuna,
737 1636 774 1676 se
809 1639 952 1690 recepit
985 1639 1025 1678 in
1060 1639 1219 1685 urbem,
1251 1638 1424 1691 proditum
1453 1636 1493 1688 fe
1521 1652 1544 1675 a

272 1694 458 1747 Cleopatra
479 1696 526 1732 iis
547 1698 627 1749 ipfis
653 1699 880 1749 clamitans,
906 1713 1027 1738 contra
1051 1716 1138 1753 quos
1160 1700 1283 1739 bellum
1312 1699 1413 1738 illius
1437 1698 1544 1749 caufiz

261 1755 468 1807 fitsceptffit.
501 1757 599 1796 Sane
627 1758 848 1807 mulierem,
876 1762 993 1800 amari
1016 1774 1037 1800 a
1063 1761 1203 1801 Caesare
1225 1772 1368 1807 ratam,
1390 1760 1546 1798 iterum·

270 1829 346 1865 que
371 1830 437 1867 per
463 1818 700 1869 imperatoris
732 1821 897 1861 Romani
932 1823 1171 1862 connubium
1203 1822 1349 1861 summa
1383 1833 1544 1871 quaeque

268 1878 506 1928 sperantem,
531 1883 567 1921 ἃ,
590 1881 772 1922 Pelufiurn
796 1883 1003 1933 prodidiffe
1025 1884 1213 1922 creditum
1233 1884 1306 1930 est,
1331 1886 1364 1922 δ’(
1385 1882 1547 1922 Alexan-

271 1941 402 1981 drinos
439 1942 566 1992 palam
598 1946 646 1984 ad
678 1945 920 1985 refistendum
955 1946 1167 1995 hortatam,
1201 1945 1361 1984 occultis
1386 1945 1546 1983 manda-

270 2005 322 2042 tis
353 2005 590 2054 deterruisse,
627 2009 662 2046 δε
691 2006 792 2046 claffi
822 2010 1014 2047 austorem
1053 2007 1224 2047 exstitisse
1254 2005 1542 2056 transfugiendi.

272 2066 452 2106 Ceterum
473 2069 614 2119 priores
637 2069 864 2120 suspiciones
889 2072 992 2121 apud
1017 2071 1213 2111 hominem
1231 2070 1428 2110 credulum
1447 2069 1547 2137 sum-
1552 2100 1557 2102 -

271 2129 327 2168 mi
352 2131 490 2170 amoris
510 2131 829 2172 demonstratione
857 2133 969 2172 facile
997 2134 1173 2173 diluerat.

326 2191 482 2232 XLVII.
519 2193 693 2243 Namque
720 2193 784 2233 suo
816 2193 954 2244 natali,
990 2208 1058 2245 pro
1089 2194 1260 2245 praesenti
1295 2194 1415 2244 magis
1448 2200 1545 2232 tem-

272 2266 367 2304 pore
384 2284 394 2301 ,
422 2266 535 2304 quam
558 2267 604 2294 ex
635 2256 787 2305 pristina
809 2255 1084 2295 consuetudine
1108 2259 1217 2303 ac‘to,
1244 2256 1409 2295 natalem
1431 2256 1549 2295 Anto-

270 2316 327 2355 nii
345 2315 706 2366 magnificentissime
730 2318 955 2368 celebravit,
971 2325 1015 2358 ut
1039 2318 1162 2367 multi,
1187 2319 1245 2372 qui
1270 2320 1319 2356 ad
1340 2332 1465 2356 coenam
1490 2317 1547 2354 ina

276 2434 340 2512 Plss
357 2434 484 2513 ΧΙ-Ῐὶῖν.
509 2434 698 2469 D10.P1ut.
719 2434 871 2480 §XLV
888 2433 1122 2477 Oros.6,19.
1148 2429 1550 2477 Plut.§XLV1.0xoi..

315 2487 354 2512 ut
423 2490 457 2512 ιο
