1617 2963
254 171 350 234 ³156
414 169 1437 225 JO.FRE1NSHEM118UPPLEM.

240 266 245 267 ⁷
310 279 539 319 LXXXIII.
566 278 744 319 Postridie
772 281 950 321 Ac'tiacus
972 282 1186 333 triumphus
1211 285 1314 323 aetus
1328 314 1341 330 ,
1362 258 1438 334 quo
1455 283 1527 324 Ti-¹

254 341 406 389 benus,
436 341 550 380 Liviae
573 341 697 390 filius,
726 344 804 391 jam
828 343 1038 394 pubescens
1069 357 1221 385 currum
1247 347 1451 386 comitatus
1473 346 1526 384 est

177 446 183 457 ,
253 403 477 442 sinisteriore
500 402 619 443 funali
653 417 782 454 equo;
821 418 908 446 cum
939 406 1144 448 Marcellus
1163 439 1174 455 ‚
1208 408 1366 448 Oetavia
1388 418 1528 455 natus,

255 463 472 502 dexteriore
506 463 719 505 veheretur.
755 466 883 507 Tertia
911 467 991 506 dies
1022 466 1318 508 Alexandrinam
1345 471 1382 509 ἃ
1407 470 1527 519 AEgy-

251 526 375 574 ptiam
399 537 582 575 pompam
612 526 731 575 vidit,
760 529 930 577 priores,
959 527 1049 567 licet
1076 528 1363 569 sumtuofiffime
1394 530 1525 569 instro..

253 587 358 632 (itas,
390 595 639 636 apparatuum
673 588 844 638 impensa
882 591 917 629 ἃ
951 589 1238 640 pulchritudine
1267 591 1523 641 superantem.

252 643 360 685 Inter
383 645 497 695 hujus
525 647 667 686 fercula
691 648 903 699 Cleopatrae
923 661 1074 700 quoque
1097 649 1252 699 imago,
1282 651 1322 688 in
1350 649 1450 689 letto
1477 649 1526 688 ad

250 706 540 747 similitudinem
565 709 759 750 morientis
781 710 959 749 translata
979 711 1053 749 est:
1083 711 1264 761 due‘tique
1288 710 1397 751 liberi
1418 712 1524 759 ejus,

251 769 465 810 Alexander
487 772 522 810 Sc
549 771 772 822 Cleopatra,
802 772 940 822 quibus
965 771 1062 812 Solis
1087 785 1131 811 ac
1155 772 1271 813 Lunae
1292 774 1450 813 nomina
1468 773 1524 810 in-

252 831 413 872 diderat.
449 833 520 873 His
552 834 592 871 in
619 833 818 884 triumphis
844 833 942 873 nihil
973 847 1020 872 ex
1043 835 1201 884 antiquo
1235 842 1425 872 mutatum
1461 846 1525 872 an-

251 900 431 941 notatur3
464 894 531 932 nisi
556 895 661 944 quod
686 908 733 934 ex
758 908 904 944 nupero
932 895 1086 934 decreto
1111 908 1263 935 currum
1291 895 1407 935 secuti
1437 894 1526 933 sunt

251 956 417 1006 primum
451 956 663 1005 senatores,
701 967 888 1008 quotquot
921 971 966 996 eo
999 958 1100 997 bello
1129 966 1311 999 navarant
1340 961 1524 1008 Operam3

253 1019 394 1059 deinde
426 1019 557 1059 consul
600 1033 687 1059 cum
728 1021 1027 1071 magistratibus:
1062 1034 1152 1061 cum
1187 1021 1279 1061 alias
1311 1021 1347 1060 hi
1385 1034 1524 1071 praece-

252 1079 343 1119 dere
376 1081 472 1120 inter
504 1082 727 1132 hujusmodi
762 1095 923 1133 pompas
955 1082 1143 1132 solerent,
1177 1083 1294 1122 ceteri
1333 1082 1525 1122 senatores

249 1141 442 1194 subsequi.

299 1213 527 1255 LXXXIV.
568 1215 751 1254 Militibus
782 1216 985 1267 triumphale
1020 1216 1237 1268 congiarium
1271 1229 1317 1254 ex
1350 1215 1524 1254 manubiis

248 1276 380 1314 viritim
406 1277 519 1316 millia
541 1279 711 1317 rzummzim
728 1279 872 1329 singula
898 1277 1023 1330 ded1ffe
1049 1277 1127 1328 ipse
1143 1279 1278 1316 tradit:
1308 1277 1465 1330 acceptffe
1485 1277 1525 1315 id

248 1337 422 1375 hominum
450 1338 585 1376 circiter
606 1350 740 1377 centum
761 1340 796 1377 θ’
812 1338 940 1390 viginti
967 1339 1093 1377 millia.
1117 1339 1225 1381 Idem
1254 1340 1394 1379 deinde
1416 1351 1523 1378 men-²

247 1396 293 1435 fis
321 1399 356 1437 &
389 1399 624 1438 Carrinatem
660 1400 695 1438 &
722 1399 949 1438 Autronium
983 1399 1264 1449 triumphantes
1293 1401 1399 1440 vidit.
1434 1400 1522 1439 Car-

245 1460 365 1507 rinas,
383 1461 546 1501 Morinis
572 1462 756 1512 sociisque
778 1474 910 1501 eorum
928 1462 976 1501 ad
1001 1462 1220 1512 patientiam
1245 1464 1393 1514 imperii
1419 1462 1521 1502 bello

249 1524 457 1572 revocatis,
479 1524 595 1563 etiam
619 1532 721 1564 trans
744 1524 925 1564 Rhenum
951 1523 1156 1574 aliquoties
1173 1526 1291 1564 vieios
1316 1524 1519 1575 repulerat.

247 1584 420 1635 Ideoque
444 1588 479 1626 ἃ
504 1586 646 1635 Caesar,
673 1588 730 1625 uti
755 1587 943 1639 diximus,
968 1600 1011 1625 ex
1037 1586 1094 1626 his
1113 1587 1288 1638 gentibus
1313 1587 1525 1638 triumpha-

245 1646 326 1695 vit,
354 1649 389 1686 ἅ
423 1647 660 1686 Carrinatem
691 1646 927 1698 triumphare
953 1647 1082 1697 juffit,
1117 1662 1258 1700 magno
1284 1649 1420 1688 iterum
1451 1649 1519 1688 do..

247 1715 454 1755 cumento,
484 1722 529 1748 ne
552 1710 633 1759 quis
661 1709 711 1748 ob
739 1722 796 1748 res
823 1710 993 1750 adversas
1022 1711 1182 1750 nimium
1215 1711 1414 1750 flaccescat
1438 1712 1518 1750 ani-

247 1770 331 1810 mis.
362 1771 487 1819 Hujus
515 1771 617 1809 enim
641 1780 746 1824 pater
777 1784 798 1810 a
828 1772 933 1811 Sulla
962 1772 1034 1811 fuit
1057 1772 1204 1812 occisus
1234 1776 1332 1811 inter
1364 1772 1520 1822 proscri-

246 1840 360 1882 ptos:
398 1845 560 1881 quorum
581 1831 708 1871 liberis
735 1832 820 1883 lege
843 1833 917 1872 lata
940 1842 1022 1873 tum
1042 1835 1198 1894 quidem
1222 1834 1346 1873 aditus
1372 1835 1420 1873 ad
1450 1834 1519 1873 ho-

247 1905 366 1931 nores
390 1891 701 1942 praecludebatur
733 1893 829 1933 Mox
861 1907 892 1935 a.
922 1896 958 1934 d.
983 1896 1093 1936 XVII
1119 1895 1202 1936 Kal
1231 1895 1442 1945 Septembr.
1470 1908 1517 1935 ex

247 1954 378 1994 Africa
407 1954 446 1994 L.
472 1955 677 1994 Autronius
703 1955 740 1995 Ρ.
773 1955 813 1996 F.
838 1956 879 1996 L.
904 1958 951 1998 N.
976 1957 1092 1997 Paetus
1121 1957 1348 2033 proconsule
1379 1958 1519 1997 trium-³

245 2014 392 2066 phavit.

322 2079 521 2120 LXXXV.
565 2083 612 2119 At
648 2092 669 2118 e
699 2079 836 2130 regulis
878 2080 1114 2130 ducibusque
1146 2080 1387 2130 triumphatis
1429 2081 1517 2132 sup.

245 2139 365 2191 plicio
390 2141 546 2191 quidam
571 2140 694 2181 affecti
721 2141 828 2181 sunt:
850 2142 889 2180 in
905 2141 966 2180 his
983 2142 1178 2181 Adiatorix
1198 2154 1286 2180 cum
1308 2141 1410 2189 filio,
1426 2145 1514 2193 qui,

247 2201 296 2240 ab
324 2202 490 2241 Antonio
516 2211 661 2253 partem
687 2202 879 2243 Heracleae
905 2204 1068 2243 Ponticae
1092 2204 1213 2250 meli,
1232 2204 1424 2244 Romanos
1448 2217 1514 2243 co-

246 2262 358 2302 lonos
388 2264 618 2303 occiderant.
653 2264 749 2304 Inde
780 2264 879 2304 versa
914 2265 962 2304 ad
994 2265 1178 2304 honorem
1205 2267 1369 2306 Deorum
1396 2279 1512 2313 cura,

245 2324 429 2365 ‘Minervae
457 2325 669 2376 templum,
704 2328 739 2366 ὃς
767 2327 871 2378 quod
901 2325 1178 2366 Chalicidicum
1213 2336 1395 2378 vocatur,
1426 2336 1508 2367 tum

292 2459 319 2504 5
341 2460 525 2495 LXXXIII.
548 2460 747 2497 Suetonn'm
770 2462 844 2495 Tib.
870 2474 900 2496 c.
920 2463 953 2497 6.
974 2462 1054 2496 Dio.
1073 2461 1194 2497 Euseln
