1617 2963
259 207 355 247 220
422 183 1441 245 JO.FRE1NSHEM11*SUPPLEM.

261 304 414 350 aberat,
432 307 630 354 Vaccaeos,
653 307 688 345 δε
707 304 917 354 Curmogos
930 335 942 353 ,
966 306 1000 343 ὃς
1018 305 1242 355 Autrigonas
1263 305 1406 345 affidue
1420 305 1537 354 depo·

259 364 504 414 pulabantur.
536 366 582 405 At
607 364 699 413 ubi,
721 363 919 414 Sagesama
941 374 1112 414 recepta,
1135 365 1334 415 castrisque
1362 364 1414 403 ibi
1441 363 1539 414 posi-

258 425 333 471 tis,
358 426 561 475 tripartitas
582 427 712 476 copias
735 425 885 464 immisit
908 424 1051 474 Caesar3
1074 427 1192 465 modo
1212 425 1410 465 altioribus
1434 422 1536 472 jugis

256 489 557 537 praeoccupatis,
583 488 701 526 modo
726 501 791 537 per
822 499 912 526 cava
941 487 1114 526 locorum
1147 497 1210 526 aut
1235 487 1412 526 filvestria
1440 483 1536 534 pofi-

257 548 308 585 tis
328 547 466 588 insidiis
480 580 490 596 ,
508 550 548 589 in
564 550 631 589 has
648 563 735 589 eum
765 548 1007 589 difficultates
1033 551 1255 598 conjecere‚
1277 558 1318 588 ut
1338 560 1411 598 prae
1436 546 1537 586 curis

254 606 550 661 laboribusque,
585 625 650 661 per
682 613 865 660 majorem
904 622 1049 661 partem
1083 611 1215 651 aestatis
1240 609 1464 656 exantlatis,
1490 607 1533 646 in

257 671 437 710 morbum
463 674 660 724 incideret.
698 675 772 714 Sed
800 676 834 713 ἃ
861 674 1043 714 frumenti
1073 674 1229 725 penuria
1256 672 1470 712 laboratum
1492 669 1534 707 in

256 733 384 770 castris
410 733 494 773 est:
525 735 629 783 quod
666 747 733 784 per
776 733 949 773 difficiles
987 737 1068 773 vias
1106 746 1217 785 parce
1251 746 1297 772 ex
1332 730 1534 782 Aquitania

257 792 511 843 subvectum,
554 796 787 835 incredibilis
828 806 962 837 exorta
1004 798 1171 835 murium
1206 794 1415 835 multitudo
1447 792 1539 831 diri-

257 855 401 906 piebat,
441 858 536 909 Ergo
569 862 603 899 δι
633 872 722 898 cum
757 860 831 898 hoc
865 858 1015 897 tantulo
1047 858 1201 898 animali
1234 855 1537 907 belligerandum

255 917 356 964 fuit,
379 917 625 969 hominesque
651 921 921 967 conducendi,
946 920 1068 970 pretio
1095 921 1134 959 in
1159 928 1305 958 certum
1335 925 1535 968 captorum

256 990 458 1019 numerum
495 982 710 1020 constituto.
751 983 929 1021 Ceterum
968 983 1147 1032 Augustus
1183 982 1438 1022 Tarraconem
1470 990 1536 1016 re-

255 1041 419 1089 gressus,
448 1043 489 1082 C.
527 1044 719 1083 Antistium
752 1044 855 1083 bello
894 1044 1124 1094 praefecerat.
1157 1056 1276 1094 eaque
1311 1055 1367 1081 res
1401 1041 1451 1080 ad
1475 1052 1535 1079 ce·

256 1101 445 1143 leritatem
475 1106 639 1146 victoriae
672 1107 827 1156 profuit.
856 1109 1010 1157 Quippe
1042 1107 1211 1153 barbari,
1238 1113 1433 1145 contemto
1458 1105 1537 1143 Arr-

256 1169 381 1215 tistio,
410 1183 498 1208 cum
528 1170 707 1220 proelium
735 1170 1004 1210 commififfent
1027 1171 1074 1209 ad
1102 1168 1445 1221 Belgidam(quod
1466 1179 1537 1216 op-

255 1229 389 1281 pidum
414 1232 460 1271 ab
490 1231 572 1271 aliis
604 1233 782 1282 Segidam
812 1235 939 1272 vocari
966 1234 1089 1273 doetis
1117 1233 1267 1287 placet)
1294 1244 1430 1281 magna
1460 1228 1536 1268 cla·

259 1290 308 1328 de
343 1292 455 1331 viffl.
494 1292 675 1331 Vinnium
711 1292 929 1333 altissimum
968 1306 1139 1334 montem
1176 1295 1266 1344 fuga
1303 1292 1534 1343 petiverunt.

311 1352 382 1391 XI.
418 1352 472 1391 lbi
500 1355 570 1392 tuti
594 1354 704 1401 loco,
733 1354 1027 1395 necessariorum
1049 1358 1203 1407 inopes,
1231 1368 1345 1406 quam
1369 1354 1536 1392 deditio-

257 1426 345 1452 nem
388 1414 529 1453 ferrum
562 1426 791 1466 extorquere
831 1419 1075 1466 nequiverat,
1111 1419 1215 1457 fame
1250 1416 1446 1466 subigente
1475 1414 1534 1454 fe-

255 1484 402 1513 cerunt.
442 1475 519 1515 Alia
552 1477 692 1515 deinde
729 1477 814 1517 sunt
849 1478 896 1517 ab
928 1480 1084 1519 Antistio
1120 1479 1263 1529 oppida
1297 1486 1432 1527 capta3
1466 1476 1532 1516 sed

256 1539 365 1583 eujus
411 1537 530 1577 titulis
572 1539 793 1579 Arracillum
846 1544 1030 1590 accedere
1078 1543 1239 1589 debeat,
1278 1541 1431 1591 quando
1463 1538 1531 1578 sub

254 1598 338 1639 haec
359 1609 531 1650 tempora
555 1604 590 1640 &
614 1602 658 1641 C.
683 1602 841 1642 Furnius
857 1635 868 1651 ,
895 1607 930 1644 ἃ
951 1606 1007 1645 Μ.
1025 1606 1188 1656 Agrippa
1212 1603 1269 1642 his
1293 1604 1334 1641 in
1362 1602 1534 1652 regioni-

253 1665 325 1703 bus
347 1678 403 1703 res
428 1665 624 1715 gesserunt.
660 1667 757 1705 inter
790 1667 975 1707 silentium
1011 1671 1211 1709 εῑυᾶοῐυιη
1237 1680 1369 1718 parum
1397 1666 1530 1715 liquet.

251 1726 298 1766 ld
329 1737 477 1765 tantum
509 1728 679 1777 reperio,
711 1741 797 1768 cum
833 1730 898 1768 diu
938 1743 1078 1780 magna
1109 1730 1147 1769 vi
1179 1727 1436 1780 repugnasset,
1465 1738 1534 1765 ca-

254 1798 366 1839 ptum
399 1803 442 1828 ac
476 1791 665 1839 direptum
693 1791 778 1830 esse.
819 1792 899 1831 Post
929 1792 1009 1832 haec
1044 1792 1223 1831 ulteriora
1261 1802 1413 1841 quoque
1443 1788 1536 1828 Gal-

253 1850 368 1891 laeciae
392 1852 550 1891 vietores
579 1853 846 1900 pervaserunt,
871 1851 982 1895 ciaffe
1014 1855 1127 1893 etiam
1159 1855 1315 1893 admota
1337 1853 1384 1896 ab
1408 1852 1532 1893 Ocea-

252 1926 306 1952 no
323 1946 332 1953 .
361 1916 421 1952 cui
445 1913 629 1962 praefuifl'e
655 1914 693 1953 C.
719 1914 899 1954 Furnium
930 1916 1115 1960 arbitror,
1143 1916 1205 1965 qui
1232 1928 1306 1954 una
1344 1927 1431 1952 cum
1456 1916 1531 1953 An⁸²

249 1976 349 2015 tistio
389 1976 619 2015 Medullium
647 1986 816 2016 montem
848 1978 997 2016 flumini
1032 1977 1157 2017 Minio
1188 1977 1428 2025 adjacentem
1454 1976 1530 2015 ob-

252 2036 364 2075 sedit.
395 2036 526 2075 Isthaec
565 2036 709 2076 obsidio
743 2051 881 2086 magno
909 2038 1039 2077 labore
1076 2037 1321 2088 periculoque
1350 2037 1533 2076 Romanis

254 2096 451 2135 constitit:
490 2108 626 2146 magna
670 2096 872 2136 hominum
908 2096 1116 2137 multitudo
1159 2097 1235 2136 huc
1276 2098 1530 2148 confugerat:

254 2169 336 2207 quae
369 2169 457 2195 cum
489 2159 601 2197 armis
630 2158 832 2206 refisteret,
862 2159 1042 2209 operibus
1068 2160 1319 2210 expugnanda
1347 2159 1432 2198 fuit.
1459 2159 1531 2208 Igi-

255 2226 316 2258 tur
340 2218 505 2258 obduc'ta
531 2232 597 2269 per
622 2221 841 2270 quindecim
867 2221 985 2260 millia
1011 2222 1182 2272 passiium
1204 2221 1323 2270 foffa,
1352 2234 1440 2261 cum
1464 2219 1529 2259 ali-

254 2286 313 2319 ter
339 2281 600 2330 captivitatem
637 2282 803 2332 effugere
834 2283 982 2323 barbari
1012 2284 1236 2334 nequirent,
1265 2284 1365 2323 inter
1394 2280 1526 2333 epulas

253 2341 292 2380 se
316 2343 487 2382 certatim
519 2344 631 2393 igne,
654 2344 774 2393 ferro,
807 2356 852 2384 ac
874 2358 1022 2387 veneno
1055 2353 1316 2397 peremerunt.

302 2459 324 2502 ς
349 2460 498 2508 Ἀξίων.
527 2473 564 2501 4,
590 2472 642 2494 η.
667 2461 768 2497 Oros.
788 2463 828 2504 6,
848 2464 901 2498 61.
923 2465 1031 2497 Strab.
1050 2464 1131 2499 Dio.
1154 2464 1278 2508 Vellei.
1293 2475 1333 2507 2,
1348 2474 1405 2508 91.
1422 2463 1444 2508 §
1467 2463 1530 2499 XL.

269 2503 448 2538 mommo.
467 2505 590 2550 Vellei.
612 2517 628 2538 2
643 2530 653 2547 ‚
677 2515 733 2549 90.
