<?xml version="1.0" encoding="UTF-8"?>
<!DOCTYPE html PUBLIC "-//W3C//DTD XHTML 1.0 Transitional//EN"
    "http://www.w3.org/TR/xhtml1/DTD/xhtml1-transitional.dtd">
<html xmlns="http://www.w3.org/1999/xhtml" xml:lang="en" lang="en">
 <head>
  <title>
</title>
<meta http-equiv="Content-Type" content="text/html;charset=utf-8" />
  <meta name='ocr-system' content='tesseract 3.04.00' />
  <meta name='ocr-capabilities' content='ocr_page ocr_carea ocr_par ocr_line ocrx_word'/>
</head>
<body>
  <div class='ocr_page' id='page_1' title='image "./historiarumlibri12livyuoft_0053.png"; bbox 0 0 1617 2963; ppageno 0'>
   <div class='ocr_carea' id='block_1_1' title="bbox 246 201 1348 276">
    <p class='ocr_par' dir='ltr' id='par_1_1' title="bbox 246 201 1348 276">
     <span class='ocr_line' id='line_1_1' title="bbox 246 201 1348 276; baseline -0.006 -22"><span class='ocrx_word' id='word_1_1' title='bbox 246 208 325 254; x_wconf 89' lang='lat' dir='ltr'>IN</span> <span class='ocrx_word' id='word_1_2' title='bbox 368 205 538 252; x_wconf 89' lang='lat' dir='ltr'>LOC.</span> <span class='ocrx_word' id='word_1_3' title='bbox 579 203 716 276; x_wconf 82' lang='lat' dir='ltr'>LIB.</span> <span class='ocrx_word' id='word_1_4' title='bbox 754 201 960 249; x_wconf 86' lang='lat' dir='ltr'>CXXIX</span> <span class='ocrx_word' id='word_1_5' title='bbox 1007 202 1144 248; x_wconf 88' lang='lat' dir='ltr'>LIV.</span> <span class='ocrx_word' id='word_1_6' title='bbox 1286 218 1348 267; x_wconf 74' lang='lat'>45</span> 
     </span>
    </p>
   </div>
   <div class='ocr_carea' id='block_1_2' title="bbox 60 308 1361 2409">
    <p class='ocr_par' dir='ltr' id='par_1_2' title="bbox 70 308 1354 419">
     <span class='ocr_line' id='line_1_2' title="bbox 72 308 1354 362; baseline -0.005 -5"><span class='ocrx_word' id='word_1_7' title='bbox 72 316 171 357; x_wconf 87' lang='lat' dir='ltr'>feeit</span> <span class='ocrx_word' id='word_1_8' title='bbox 202 315 351 362; x_wconf 78' lang='lat' dir='ltr'>Caesar,</span> <span class='ocrx_word' id='word_1_9' title='bbox 389 325 477 352; x_wconf 88' lang='lat' dir='ltr'>cum</span> <span class='ocrx_word' id='word_1_10' title='bbox 505 309 737 362; x_wconf 85' lang='lat' dir='ltr'>proscriptus</span> <span class='ocrx_word' id='word_1_11' title='bbox 762 322 882 360; x_wconf 85' lang='lat' dir='ltr'><strong>nuper</strong></span> <span class='ocrx_word' id='word_1_12' title='bbox 909 308 1054 358; x_wconf 72' lang='lat' dir='ltr'>fuisset,</span> <span class='ocrx_word' id='word_1_13' title='bbox 1092 308 1208 348; x_wconf 87' lang='lat' dir='ltr'>etiam</span> <span class='ocrx_word' id='word_1_14' title='bbox 1240 312 1354 350; x_wconf 58' lang='lat' dir='ltr'>audio</span> 
     </span>
     <span class='ocr_line' id='line_1_3' title="bbox 70 379 523 419; baseline -0.015 0"><span class='ocrx_word' id='word_1_15' title='bbox 70 379 313 419; x_wconf 81' lang='lat' dir='ltr'><strong>sacerdotum</strong></span> <span class='ocrx_word' id='word_1_16' title='bbox 346 388 523 416; x_wconf 85' lang='lat' dir='ltr'>numero.</span> 
     </span>
    </p>

    <p class='ocr_par' dir='ltr' id='par_1_3' title="bbox 63 432 1361 1354">
     <span class='ocr_line' id='line_1_4' title="bbox 141 432 1358 482; baseline -0.007 0"><span class='ocrx_word' id='word_1_17' title='bbox 141 441 284 482; x_wconf 80' lang='lat' dir='ltr'>XLIII.</span> <span class='ocrx_word' id='word_1_18' title='bbox 318 439 393 479; x_wconf 81' lang='lat' dir='ltr'>Sed</span> <span class='ocrx_word' id='word_1_19' title='bbox 422 439 457 477; x_wconf 70' lang='grc' dir='ltr'>δε</span> <span class='ocrx_word' id='word_1_20' title='bbox 481 433 677 476; x_wconf 86' lang='lat' dir='ltr'>Uticenses</span> <span class='ocrx_word' id='word_1_21' title='bbox 707 433 901 472; x_wconf 86' lang='lat' dir='ltr'>civitatem</span> <span class='ocrx_word' id='word_1_22' title='bbox 921 433 1138 472; x_wconf 84' lang='lat' dir='ltr'>Romanam</span> <span class='ocrx_word' id='word_1_23' title='bbox 1167 432 1358 474; x_wconf 81' lang='lat' dir='ltr'>beneficio</span> 
     </span>
     <span class='ocr_line' id='line_1_5' title="bbox 75 495 1356 552; baseline -0.008 -6"><span class='ocrx_word' id='word_1_24' title='bbox 75 505 231 545; x_wconf 82' lang='lat' dir='ltr'>Caesaris</span> <span class='ocrx_word' id='word_1_25' title='bbox 272 509 533 552; x_wconf 86' lang='lat' dir='ltr'>acceperunt:</span> <span class='ocrx_word' id='word_1_26' title='bbox 571 499 606 536; x_wconf 62' lang='grc' dir='ltr'>δέ</span> <span class='ocrx_word' id='word_1_27' title='bbox 648 495 834 534; x_wconf 81' lang='lat' dir='ltr'>militibus</span> <span class='ocrx_word' id='word_1_28' title='bbox 875 495 1074 544; x_wconf 84' lang='lat' dir='ltr'>promiffus</span> <span class='ocrx_word' id='word_1_29' title='bbox 1110 509 1198 546; x_wconf 86' lang='lat' dir='ltr'>ager</span> <span class='ocrx_word' id='word_1_30' title='bbox 1233 497 1356 537; x_wconf 77' lang='lat' dir='ltr'>dividi</span> 
     </span>
     <span class='ocr_line' id='line_1_6' title="bbox 73 557 1356 617; baseline -0.007 -11"><span class='ocrx_word' id='word_1_31' title='bbox 73 577 239 617; x_wconf 84' lang='lat' dir='ltr'>coeptus.</span> <span class='ocrx_word' id='word_1_32' title='bbox 277 567 311 604; x_wconf 68' lang='grc' dir='ltr'>ὃ(</span> <span class='ocrx_word' id='word_1_33' title='bbox 344 562 550 602; x_wconf 86' lang='lat' dir='ltr'>deficiente</span> <span class='ocrx_word' id='word_1_34' title='bbox 577 557 757 608; x_wconf 84' lang='lat' dir='ltr'>publico,</span> <span class='ocrx_word' id='word_1_35' title='bbox 781 557 923 595; x_wconf 81' lang='lat' dir='ltr'><em>aliunde</em></span> <span class='ocrx_word' id='word_1_36' title='bbox 954 559 1058 596; x_wconf 82' lang='lat' dir='ltr'><em>coemi</em></span> <span class='ocrx_word' id='word_1_37' title='bbox 1092 557 1210 598; x_wconf 77' lang='lat' dir='ltr'>Caesar</span> <span class='ocrx_word' id='word_1_38' title='bbox 1239 559 1356 608; x_wconf 83' lang='lat' dir='ltr'>juffit.</span> 
     </span>
     <span class='ocr_line' id='line_1_7' title="bbox 70 618 1357 677; baseline -0.005 -7"><span class='ocrx_word' id='word_1_39' title='bbox 70 629 209 671; x_wconf 84' lang='lat' dir='ltr'>Paffim</span> <span class='ocrx_word' id='word_1_40' title='bbox 239 630 343 667; x_wconf 88' lang='lat' dir='ltr'>enim</span> <span class='ocrx_word' id='word_1_41' title='bbox 378 637 445 677; x_wconf 89' lang='lat' dir='ltr'>per</span> <span class='ocrx_word' id='word_1_42' title='bbox 476 620 687 671; x_wconf 87' lang='lat' dir='ltr'>municipia</span> <span class='ocrx_word' id='word_1_43' title='bbox 711 621 746 659; x_wconf 72' lang='grc' dir='ltr'>ἃ</span> <span class='ocrx_word' id='word_1_44' title='bbox 766 618 935 657; x_wconf 83' lang='lat' dir='ltr'>colonias</span> <span class='ocrx_word' id='word_1_45' title='bbox 958 620 1157 660; x_wconf 82' lang='lat' dir='ltr'>deminuto</span> <span class='ocrx_word' id='word_1_46' title='bbox 1185 623 1357 673; x_wconf 85' lang='lat' dir='ltr'>capitum</span> 
     </span>
     <span class='ocr_line' id='line_1_8' title="bbox 71 680 1361 738; baseline -0.005 -7"><span class='ocrx_word' id='word_1_47' title='bbox 71 704 262 738; x_wconf 87' lang='lat' dir='ltr'>numero,</span> <span class='ocrx_word' id='word_1_48' title='bbox 293 687 371 738; x_wconf 85' lang='lat' dir='ltr'>agri</span> <span class='ocrx_word' id='word_1_49' title='bbox 407 686 639 735; x_wconf 85' lang='lat' dir='ltr'><strong>supererant.</strong></span> <span class='ocrx_word' id='word_1_50' title='bbox 682 682 720 719; x_wconf 88' lang='lat' dir='ltr'>in</span> <span class='ocrx_word' id='word_1_51' title='bbox 756 680 818 719; x_wconf 84' lang='lat' dir='ltr'>his</span> <span class='ocrx_word' id='word_1_52' title='bbox 854 680 983 730; x_wconf 84' lang='lat' dir='ltr'>Capua</span> <span class='ocrx_word' id='word_1_53' title='bbox 1013 694 1103 720; x_wconf 89' lang='lat' dir='ltr'>cum</span> <span class='ocrx_word' id='word_1_54' title='bbox 1131 683 1246 731; x_wconf 80' lang='lat' dir='ltr'>effer,</span> <span class='ocrx_word' id='word_1_55' title='bbox 1271 698 1361 724; x_wconf 89' lang='lat' dir='ltr'>ma·-</span> 
     </span>
     <span class='ocr_line' id='line_1_9' title="bbox 71 739 1361 800; baseline -0.003 -12"><span class='ocrx_word' id='word_1_56' title='bbox 71 761 191 800; x_wconf 88' lang='lat' dir='ltr'>gnum</span> <span class='ocrx_word' id='word_1_57' title='bbox 227 748 386 786; x_wconf 88' lang='lat' dir='ltr'>modum</span> <span class='ocrx_word' id='word_1_58' title='bbox 419 758 621 796; x_wconf 84' lang='lat' dir='ltr'>agrorum,</span> <span class='ocrx_word' id='word_1_59' title='bbox 650 754 744 793; x_wconf 86' lang='lat' dir='ltr'>quos</span> <span class='ocrx_word' id='word_1_60' title='bbox 776 739 930 791; x_wconf 86' lang='lat' dir='ltr'>publice</span> <span class='ocrx_word' id='word_1_61' title='bbox 966 740 1209 790; x_wconf 77' lang='lat' dir='ltr'>possidebant</span> <span class='ocrx_word' id='word_1_62' title='bbox 1238 744 1361 790; x_wconf 27' lang='lat' dir='ltr'>Cam-⁴</span> 
     </span>
     <span class='ocr_line' id='line_1_10' title="bbox 70 800 1360 862; baseline -0.006 -13"><span class='ocrx_word' id='word_1_63' title='bbox 70 812 186 862; x_wconf 86' lang='lat' dir='ltr'>pani,</span> <span class='ocrx_word' id='word_1_64' title='bbox 211 809 259 848; x_wconf 89' lang='lat' dir='ltr'>ab</span> <span class='ocrx_word' id='word_1_65' title='bbox 287 808 345 847; x_wconf 90' lang='lat' dir='ltr'>his</span> <span class='ocrx_word' id='word_1_66' title='bbox 371 809 532 858; x_wconf 88' lang='lat' dir='ltr'>adeptus</span> <span class='ocrx_word' id='word_1_67' title='bbox 563 806 638 854; x_wconf 88' lang='lat' dir='ltr'>est,</span> <span class='ocrx_word' id='word_1_68' title='bbox 659 804 798 854; x_wconf 90' lang='lat' dir='ltr'>eosque</span> <span class='ocrx_word' id='word_1_69' title='bbox 822 801 1013 841; x_wconf 80' lang='lat' dir='ltr'>militibus</span> <span class='ocrx_word' id='word_1_70' title='bbox 1040 802 1081 839; x_wconf 88' lang='lat' dir='ltr'>in</span> <span class='ocrx_word' id='word_1_71' title='bbox 1105 800 1360 851; x_wconf 55' lang='lat' dir='ltr'>supplemen÷</span> 
     </span>
     <span class='ocr_line' id='line_1_11' title="bbox 69 863 1359 920; baseline -0.008 -9"><span class='ocrx_word' id='word_1_72' title='bbox 69 883 156 912; x_wconf 90' lang='lat' dir='ltr'>tum</span> <span class='ocrx_word' id='word_1_73' title='bbox 193 871 354 910; x_wconf 88' lang='lat' dir='ltr'>coloniae</span> <span class='ocrx_word' id='word_1_74' title='bbox 380 870 580 920; x_wconf 85' lang='lat' dir='ltr'>adscriptis</span> <span class='ocrx_word' id='word_1_75' title='bbox 614 867 826 908; x_wconf 86' lang='lat' dir='ltr'>distribuit:</span> <span class='ocrx_word' id='word_1_76' title='bbox 853 866 990 906; x_wconf 77' lang='lat' dir='ltr'>Cnosia</span> <span class='ocrx_word' id='word_1_77' title='bbox 1020 865 1187 903; x_wconf 87' lang='lat' dir='ltr'>invicem</span> <span class='ocrx_word' id='word_1_78' title='bbox 1217 863 1274 903; x_wconf 87' lang='lat' dir='ltr'>his</span> <span class='ocrx_word' id='word_1_79' title='bbox 1301 874 1359 904; x_wconf 65' lang='lat' dir='ltr'>at-</span> 
     </span>
     <span class='ocr_line' id='line_1_12' title="bbox 68 924 1356 983; baseline -0.01 -10"><span class='ocrx_word' id='word_1_80' title='bbox 68 934 214 974; x_wconf 86' lang='lat' dir='ltr'>tributa</span> <span class='ocrx_word' id='word_1_81' title='bbox 239 934 394 983; x_wconf 82' lang='lat' dir='ltr'>regione</span> <span class='ocrx_word' id='word_1_82' title='bbox 427 932 572 975; x_wconf 83' lang='lat' dir='ltr'>Cretae‚</span> <span class='ocrx_word' id='word_1_83' title='bbox 598 929 704 965; x_wconf 86' lang='lat' dir='ltr'>unde</span> <span class='ocrx_word' id='word_1_84' title='bbox 738 926 948 964; x_wconf 77' lang='lat' dir='ltr'>duodecies</span> <span class='ocrx_word' id='word_1_85' title='bbox 980 924 1128 963; x_wconf 81' lang='lat' dir='ltr'>redibat</span> <span class='ocrx_word' id='word_1_86' title='bbox 1160 937 1356 975; x_wconf 44' lang='lat' dir='ltr'>annuum,</span> 
     </span>
     <span class='ocr_line' id='line_1_13' title="bbox 67 985 1360 1044; baseline -0.01 -8"><span class='ocrx_word' id='word_1_87' title='bbox 67 996 193 1037; x_wconf 88' lang='lat' dir='ltr'>multo</span> <span class='ocrx_word' id='word_1_88' title='bbox 227 994 388 1044; x_wconf 85' lang='lat' dir='ltr'>largiore</span> <span class='ocrx_word' id='word_1_89' title='bbox 421 992 574 1037; x_wconf 45' lang='lat' dir='ltr'>fructu,</span> <span class='ocrx_word' id='word_1_90' title='bbox 614 1001 729 1039; x_wconf 81' lang='lat' dir='ltr'>quarn</span> <span class='ocrx_word' id='word_1_91' title='bbox 763 999 878 1037; x_wconf 88' lang='lat' dir='ltr'>quem</span> <span class='ocrx_word' id='word_1_92' title='bbox 912 999 959 1025; x_wconf 79' lang='lat' dir='ltr'>ex</span> <span class='ocrx_word' id='word_1_93' title='bbox 987 988 1083 1036; x_wconf 83' lang='lat' dir='ltr'>agris</span> <span class='ocrx_word' id='word_1_94' title='bbox 1117 985 1190 1024; x_wconf 88' lang='lat' dir='ltr'>suis</span> <span class='ocrx_word' id='word_1_95' title='bbox 1226 999 1360 1036; x_wconf 73' lang='lat' dir='ltr'>perce-</span> 
     </span>
     <span class='ocr_line' id='line_1_14' title="bbox 68 1047 1358 1108; baseline -0.006 -11"><span class='ocrx_word' id='word_1_96' title='bbox 68 1068 223 1108; x_wconf 78' lang='lat' dir='ltr'>perant3</span> <span class='ocrx_word' id='word_1_97' title='bbox 251 1058 308 1103; x_wconf 63' lang='grc' dir='ltr'>ὁὶ,</span> <span class='ocrx_word' id='word_1_98' title='bbox 338 1067 410 1105; x_wconf 86' lang='lat' dir='ltr'>qua</span> <span class='ocrx_word' id='word_1_99' title='bbox 439 1053 606 1092; x_wconf 81' lang='lat' dir='ltr'>maxime</span> <span class='ocrx_word' id='word_1_100' title='bbox 637 1050 764 1101; x_wconf 86' lang='lat' dir='ltr'>postea</span> <span class='ocrx_word' id='word_1_101' title='bbox 797 1048 949 1100; x_wconf 81' lang='lat' dir='ltr'>gloriati</span> <span class='ocrx_word' id='word_1_102' title='bbox 973 1047 1087 1095; x_wconf 85' lang='lat' dir='ltr'>sunt,</span> <span class='ocrx_word' id='word_1_103' title='bbox 1117 1060 1214 1097; x_wconf 86' lang='lat' dir='ltr'>aqua</span> <span class='ocrx_word' id='word_1_104' title='bbox 1241 1048 1358 1096; x_wconf 75' lang='lat' dir='ltr'>Jufia.</span> 
     </span>
     <span class='ocr_line' id='line_1_15' title="bbox 63 1111 1359 1168; baseline -0.005 -9"><span class='ocrx_word' id='word_1_105' title='bbox 63 1120 163 1160; x_wconf 37' lang='lat' dir='ltr'>*Haec</span> <span class='ocrx_word' id='word_1_106' title='bbox 191 1120 295 1158; x_wconf 86' lang='lat' dir='ltr'>enim</span> <span class='ocrx_word' id='word_1_107' title='bbox 315 1117 486 1168; x_wconf 65' lang='lat' dir='ltr'>profecto</span> <span class='ocrx_word' id='word_1_108' title='bbox 505 1114 714 1166; x_wconf 88' lang='lat' dir='ltr'>plurimum</span> <span class='ocrx_word' id='word_1_109' title='bbox 733 1116 768 1152; x_wconf 68' lang='grc' dir='ltr'>ἃ</span> <span class='ocrx_word' id='word_1_110' title='bbox 785 1113 834 1152; x_wconf 90' lang='lat' dir='ltr'>ad</span> <span class='ocrx_word' id='word_1_111' title='bbox 860 1111 1121 1151; x_wconf 82' lang='lat' dir='ltr'>salubritatem</span> <span class='ocrx_word' id='word_1_112' title='bbox 1140 1112 1297 1162; x_wconf 88' lang='lat' dir='ltr'>oppidi,</span> <span class='ocrx_word' id='word_1_113' title='bbox 1318 1115 1359 1153; x_wconf 73' lang='lat'>&amp;</span> 
     </span>
     <span class='ocr_line' id='line_1_16' title="bbox 66 1173 1358 1225; baseline -0.004 -5"><span class='ocrx_word' id='word_1_114' title='bbox 66 1182 117 1219; x_wconf 92' lang='lat' dir='ltr'>ad</span> <span class='ocrx_word' id='word_1_115' title='bbox 143 1180 406 1219; x_wconf 75' lang='lat' dir='ltr'>amoenitatem</span> <span class='ocrx_word' id='word_1_116' title='bbox 435 1175 613 1216; x_wconf 86' lang='lat' dir='ltr'>contulit.</span> <span class='ocrx_word' id='word_1_117' title='bbox 639 1187 802 1225; x_wconf 87' lang='lat' dir='ltr'>quorum</span> <span class='ocrx_word' id='word_1_118' title='bbox 824 1173 1120 1224; x_wconf 67' lang='lat' dir='ltr'>aquaeduetuum</span> <span class='ocrx_word' id='word_1_119' title='bbox 1141 1175 1358 1215; x_wconf 83' lang='lat' dir='ltr'>etiamnum</span> 
     </span>
     <span class='ocr_line' id='line_1_17' title="bbox 67 1228 1357 1290; baseline -0.003 -10"><span class='ocrx_word' id='word_1_120' title='bbox 67 1242 109 1280; x_wconf 84' lang='lat' dir='ltr'>in</span> <span class='ocrx_word' id='word_1_121' title='bbox 139 1242 257 1280; x_wconf 88' lang='lat' dir='ltr'>ruinis</span> <span class='ocrx_word' id='word_1_122' title='bbox 294 1240 458 1290; x_wconf 80' lang='lat' dir='ltr'>antiquae</span> <span class='ocrx_word' id='word_1_123' title='bbox 496 1238 637 1289; x_wconf 86' lang='lat' dir='ltr'>Capuae</span> <span class='ocrx_word' id='word_1_124' title='bbox 667 1237 885 1288; x_wconf 85' lang='lat' dir='ltr'>vestigia¹&amp;</span> <span class='ocrx_word' id='word_1_125' title='bbox 914 1236 1130 1287; x_wconf 80' lang='lat' dir='ltr'>fragmenta</span> <span class='ocrx_word' id='word_1_126' title='bbox 1162 1235 1228 1275; x_wconf 89' lang='lat' dir='ltr'>sub</span> <span class='ocrx_word' id='word_1_127' title='bbox 1258 1228 1357 1277; x_wconf 78' lang='lat' dir='ltr'>terra</span> 
     </span>
     <span class='ocr_line' id='line_1_18' title="bbox 69 1303 324 1354; baseline -0.004 -11"><span class='ocrx_word' id='word_1_128' title='bbox 69 1303 324 1354; x_wconf 83' lang='lat' dir='ltr'>reperiuntur.</span> 
     </span>
    </p>

    <p class='ocr_par' dir='ltr' id='par_1_4' title="bbox 60 1361 1358 2097">
     <span class='ocr_line' id='line_1_19' title="bbox 152 1361 1358 1414; baseline -0.004 -7"><span class='ocrx_word' id='word_1_129' title='bbox 152 1367 289 1407; x_wconf 86' lang='lat' dir='ltr'>XLIV.</span> <span class='ocrx_word' id='word_1_130' title='bbox 331 1366 426 1407; x_wconf 88' lang='lat' dir='ltr'>Inde</span> <span class='ocrx_word' id='word_1_131' title='bbox 460 1365 604 1404; x_wconf 88' lang='lat' dir='ltr'>circum</span> <span class='ocrx_word' id='word_1_132' title='bbox 640 1364 832 1403; x_wconf 77' lang='lat' dir='ltr'>exercitus</span> <span class='ocrx_word' id='word_1_133' title='bbox 867 1363 995 1402; x_wconf 85' lang='lat' dir='ltr'>literas</span> <span class='ocrx_word' id='word_1_134' title='bbox 1028 1361 1152 1414; x_wconf 70' lang='lat' dir='ltr'>misit,</span> <span class='ocrx_word' id='word_1_135' title='bbox 1186 1374 1262 1401; x_wconf 84' lang='lat' dir='ltr'>una</span> <span class='ocrx_word' id='word_1_136' title='bbox 1291 1364 1358 1403; x_wconf 76' lang='lat' dir='ltr'>die</span> 
     </span>
     <span class='ocr_line' id='line_1_20' title="bbox 65 1423 1358 1480; baseline -0.004 -11"><span class='ocrx_word' id='word_1_137' title='bbox 65 1429 210 1479; x_wconf 87' lang='lat' dir='ltr'>ubique</span> <span class='ocrx_word' id='word_1_138' title='bbox 245 1428 482 1480; x_wconf 61' lang='lat' dir='ltr'>aperiendas·</span> <span class='ocrx_word' id='word_1_139' title='bbox 525 1425 756 1476; x_wconf 85' lang='lat' dir='ltr'>jubebantur</span> <span class='ocrx_word' id='word_1_140' title='bbox 789 1440 904 1464; x_wconf 73' lang='lat' dir='ltr'>omnes</span> <span class='ocrx_word' id='word_1_141' title='bbox 926 1425 1108 1477; x_wconf 65' lang='lat' dir='ltr'>fiagitivi‚</span> <span class='ocrx_word' id='word_1_142' title='bbox 1145 1423 1358 1473; x_wconf 77' lang='lat' dir='ltr'>quamlibet</span> 
     </span>
     <span class='ocr_line' id='line_1_21' title="bbox 68 1484 1357 1539; baseline -0.008 -9"><span class='ocrx_word' id='word_1_143' title='bbox 68 1492 126 1531; x_wconf 85' lang='lat' dir='ltr'>his</span> <span class='ocrx_word' id='word_1_144' title='bbox 152 1491 297 1530; x_wconf 80' lang='lat' dir='ltr'>foedere</span> <span class='ocrx_word' id='word_1_145' title='bbox 326 1490 562 1539; x_wconf 89' lang='lat' dir='ltr'>Pompejano</span> <span class='ocrx_word' id='word_1_146' title='bbox 593 1486 809 1526; x_wconf 72' lang='lat' dir='ltr'>concessam</span> <span class='ocrx_word' id='word_1_147' title='bbox 841 1485 1066 1525; x_wconf 80' lang='lat' dir='ltr'>libertatem·</span> <span class='ocrx_word' id='word_1_148' title='bbox 1085 1484 1234 1523; x_wconf 85' lang='lat' dir='ltr'>senatus</span> <span class='ocrx_word' id='word_1_149' title='bbox 1266 1498 1357 1524; x_wconf 64' lang='lat' dir='ltr'>con¹²</span> 
     </span>
     <span class='ocr_line' id='line_1_22' title="bbox 67 1545 1354 1599; baseline -0.007 -8"><span class='ocrx_word' id='word_1_150' title='bbox 67 1552 312 1598; x_wconf 78' lang='lat' dir='ltr'>firmaverat,</span> <span class='ocrx_word' id='word_1_151' title='bbox 342 1551 496 1599; x_wconf 81' lang='lat' dir='ltr'>jamque</span> <span class='ocrx_word' id='word_1_152' title='bbox 523 1548 558 1587; x_wconf 90' lang='lat' dir='ltr'>se</span> <span class='ocrx_word' id='word_1_153' title='bbox 580 1562 648 1598; x_wconf 88' lang='lat' dir='ltr'>pro</span> <span class='ocrx_word' id='word_1_154' title='bbox 673 1547 859 1587; x_wconf 83' lang='lat' dir='ltr'>militibus</span> <span class='ocrx_word' id='word_1_155' title='bbox 889 1547 945 1586; x_wconf 87' lang='lat' dir='ltr'>illi</span> <span class='ocrx_word' id='word_1_156' title='bbox 976 1545 1186 1596; x_wconf 84' lang='lat' dir='ltr'>gerebant,</span> <span class='ocrx_word' id='word_1_157' title='bbox 1207 1561 1354 1599; x_wconf 63' lang='lat' dir='ltr'>compre-</span> 
     </span>
     <span class='ocr_line' id='line_1_23' title="bbox 65 1607 1357 1664; baseline -0.006 -8"><span class='ocrx_word' id='word_1_158' title='bbox 65 1616 184 1656; x_wconf 80' lang='lat' dir='ltr'>hendi.</span> <span class='ocrx_word' id='word_1_159' title='bbox 215 1614 265 1654; x_wconf 91' lang='lat' dir='ltr'>Hi</span> <span class='ocrx_word' id='word_1_160' title='bbox 288 1613 534 1664; x_wconf 87' lang='lat' dir='ltr'>posteaquam</span> <span class='ocrx_word' id='word_1_161' title='bbox 556 1612 714 1650; x_wconf 65' lang='lat' dir='ltr'>adducti</span> <span class='ocrx_word' id='word_1_162' title='bbox 736 1610 823 1649; x_wconf 88' lang='lat' dir='ltr'>sunt</span> <span class='ocrx_word' id='word_1_163' title='bbox 849 1610 888 1648; x_wconf 90' lang='lat' dir='ltr'>in</span> <span class='ocrx_word' id='word_1_164' title='bbox 914 1609 1045 1649; x_wconf 83' lang='lat' dir='ltr'>urbem</span> <span class='ocrx_word' id='word_1_165' title='bbox 1063 1638 1073 1655; x_wconf 90' lang='lat'><strong>‚</strong></span> <span class='ocrx_word' id='word_1_166' title='bbox 1110 1607 1328 1659; x_wconf 87' lang='lat' dir='ltr'>interrogati</span> <span class='ocrx_word' id='word_1_167' title='bbox 1340 1618 1357 1659; x_wconf 72' lang='lat'>,‘</span> 
     </span>
     <span class='ocr_line' id='line_1_24' title="bbox 60 1671 1352 1729; baseline -0.005 -13"><span class='ocrx_word' id='word_1_168' title='bbox 60 1679 151 1717; x_wconf 78' lang='lat' dir='ltr'>unde</span> <span class='ocrx_word' id='word_1_169' title='bbox 165 1677 200 1715; x_wconf 59' lang='grc' dir='ltr'>δ’</span> <span class='ocrx_word' id='word_1_170' title='bbox 214 1691 236 1713; x_wconf 76' lang='lat' dir='ltr'>a</span> <span class='ocrx_word' id='word_1_171' title='bbox 253 1677 377 1729; x_wconf 86' lang='lat' dir='ltr'>quibus</span> <span class='ocrx_word' id='word_1_172' title='bbox 396 1674 642 1728; x_wconf 69' lang='lat' dir='ltr'>proficgzffint,</span> <span class='ocrx_word' id='word_1_173' title='bbox 661 1673 828 1720; x_wconf 79' lang='lat' dir='ltr'>dominis</span> <span class='ocrx_word' id='word_1_174' title='bbox 851 1671 937 1711; x_wconf 89' lang='lat' dir='ltr'>sunt</span> <span class='ocrx_word' id='word_1_175' title='bbox 954 1671 1131 1711; x_wconf 84' lang='lat' dir='ltr'>restituti:</span> <span class='ocrx_word' id='word_1_176' title='bbox 1159 1680 1352 1720; x_wconf 76' lang='lat' dir='ltr'>quotquot</span> 
     </span>
     <span class='ocr_line' id='line_1_25' title="bbox 62 1733 1352 1792; baseline -0.005 -13"><span class='ocrx_word' id='word_1_177' title='bbox 62 1743 226 1792; x_wconf 82' lang='lat' dir='ltr'>reperire</span> <span class='ocrx_word' id='word_1_178' title='bbox 252 1740 432 1779; x_wconf 88' lang='lat' dir='ltr'>dominos</span> <span class='ocrx_word' id='word_1_179' title='bbox 458 1750 535 1776; x_wconf 90' lang='lat' dir='ltr'>non</span> <span class='ocrx_word' id='word_1_180' title='bbox 563 1744 763 1787; x_wconf 85' lang='lat' dir='ltr'>poterant,</span> <span class='ocrx_word' id='word_1_181' title='bbox 787 1734 850 1774; x_wconf 85' lang='lat' dir='ltr'>alii</span> <span class='ocrx_word' id='word_1_182' title='bbox 882 1734 1015 1773; x_wconf 85' lang='lat' dir='ltr'>Romae</span> <span class='ocrx_word' id='word_1_183' title='bbox 1048 1733 1223 1772; x_wconf 87' lang='lat' dir='ltr'>crucibus</span> <span class='ocrx_word' id='word_1_184' title='bbox 1248 1734 1352 1772; x_wconf 79' lang='lat' dir='ltr'>affixi</span> 
     </span>
     <span class='ocr_line' id='line_1_26' title="bbox 63 1795 1351 1852; baseline -0.004 -12"><span class='ocrx_word' id='word_1_185' title='bbox 63 1801 174 1848; x_wconf 84' lang='lat' dir='ltr'>sunt,</span> <span class='ocrx_word' id='word_1_186' title='bbox 209 1814 294 1852; x_wconf 82' lang='lat' dir='ltr'>pars</span> <span class='ocrx_word' id='word_1_187' title='bbox 329 1813 467 1851; x_wconf 83' lang='lat' dir='ltr'>magna</span> <span class='ocrx_word' id='word_1_188' title='bbox 502 1812 569 1848; x_wconf 89' lang='lat' dir='ltr'>per</span> <span class='ocrx_word' id='word_1_189' title='bbox 611 1797 728 1837; x_wconf 85' lang='lat' dir='ltr'>Italiae</span> <span class='ocrx_word' id='word_1_190' title='bbox 764 1795 975 1845; x_wconf 71' lang='lat' dir='ltr'>Siciliaeque</span> <span class='ocrx_word' id='word_1_191' title='bbox 1011 1795 1211 1843; x_wconf 79' lang='lat' dir='ltr'>civitates,</span> <span class='ocrx_word' id='word_1_192' title='bbox 1244 1796 1351 1835; x_wconf 80' lang='lat' dir='ltr'>unde</span> 
     </span>
     <span class='ocr_line' id='line_1_27' title="bbox 65 1856 1348 1914; baseline -0.005 -11"><span class='ocrx_word' id='word_1_193' title='bbox 65 1863 226 1914; x_wconf 88' lang='lat' dir='ltr'>quisque</span> <span class='ocrx_word' id='word_1_194' title='bbox 253 1864 421 1913; x_wconf 84' lang='lat' dir='ltr'>fugerat,</span> <span class='ocrx_word' id='word_1_195' title='bbox 445 1874 578 1913; x_wconf 87' lang='lat' dir='ltr'>poenas</span> <span class='ocrx_word' id='word_1_196' title='bbox 603 1861 805 1900; x_wconf 83' lang='lat' dir='ltr'>dederunt.</span> <span class='ocrx_word' id='word_1_197' title='bbox 831 1859 879 1899; x_wconf 88' lang='lat' dir='ltr'>Et</span> <span class='ocrx_word' id='word_1_198' title='bbox 901 1868 944 1897; x_wconf 90' lang='lat' dir='ltr'>ut</span> <span class='ocrx_word' id='word_1_199' title='bbox 969 1856 1199 1908; x_wconf 82' lang='lat' dir='ltr'>ampliffimo</span> <span class='ocrx_word' id='word_1_200' title='bbox 1221 1859 1348 1898; x_wconf 78' lang='lat' dir='ltr'>ordini</span> 
     </span>
     <span class='ocr_line' id='line_1_28' title="bbox 64 1918 1350 1976; baseline -0.005 -12"><span class='ocrx_word' id='word_1_201' title='bbox 64 1926 149 1976; x_wconf 85' lang='lat' dir='ltr'>plus</span> <span class='ocrx_word' id='word_1_202' title='bbox 179 1926 375 1975; x_wconf 83' lang='lat' dir='ltr'>dignitatis</span> <span class='ocrx_word' id='word_1_203' title='bbox 398 1924 623 1968; x_wconf 83' lang='lat' dir='ltr'>accederet,</span> <span class='ocrx_word' id='word_1_204' title='bbox 643 1923 762 1961; x_wconf 87' lang='lat' dir='ltr'>vetuit</span> <span class='ocrx_word' id='word_1_205' title='bbox 784 1921 918 1958; x_wconf 80' lang='lat' dir='ltr'>amiciri</span> <span class='ocrx_word' id='word_1_206' title='bbox 946 1918 1066 1959; x_wconf 80' lang='lat' dir='ltr'>Caesar</span> <span class='ocrx_word' id='word_1_207' title='bbox 1085 1934 1261 1973; x_wconf 75' lang='lat' dir='ltr'>purpura,</span> <span class='ocrx_word' id='word_1_208' title='bbox 1282 1921 1350 1971; x_wconf 81' lang='lat' dir='ltr'>nifi</span> 
     </span>
     <span class='ocr_line' id='line_1_29' title="bbox 64 1974 1352 2038; baseline -0.005 -15"><span class='ocrx_word' id='word_1_209' title='bbox 64 1987 283 2038; x_wconf 76' lang='lat' dir='ltr'>magistratus</span> <span class='ocrx_word' id='word_1_210' title='bbox 307 1986 503 2038; x_wconf 79' lang='lat' dir='ltr'>senatorios</span> <span class='ocrx_word' id='word_1_211' title='bbox 517 2000 534 2031; x_wconf 91' lang='lat'>,·</span> <span class='ocrx_word' id='word_1_212' title='bbox 562 1984 745 2033; x_wconf 87' lang='lat' dir='ltr'>quoniam</span> <span class='ocrx_word' id='word_1_213' title='bbox 765 1981 874 2022; x_wconf 88' lang='lat' dir='ltr'>vestis</span> <span class='ocrx_word' id='word_1_214' title='bbox 906 1980 972 2020; x_wconf 86' lang='lat' dir='ltr'>illa</span> <span class='ocrx_word' id='word_1_215' title='bbox 988 1974 1110 2019; x_wconf 83' lang='lat' dir='ltr'>&#39;etiam</span> <span class='ocrx_word' id='word_1_216' title='bbox 1140 1980 1187 2019; x_wconf 87' lang='lat' dir='ltr'>ab</span> <span class='ocrx_word' id='word_1_217' title='bbox 1220 1979 1352 2021; x_wconf 67' lang='lat' dir='ltr'>humi·</span> 
     </span>
     <span class='ocr_line' id='line_1_30' title="bbox 64 2046 634 2097; baseline -0.005 -11"><span class='ocrx_word' id='word_1_218' title='bbox 64 2046 225 2087; x_wconf 87' lang='lat' dir='ltr'>lioribus</span> <span class='ocrx_word' id='word_1_219' title='bbox 255 2046 423 2097; x_wconf 83' lang='lat' dir='ltr'>usurpari</span> <span class='ocrx_word' id='word_1_220' title='bbox 453 2057 634 2096; x_wconf 83' lang='lat' dir='ltr'>coeperat.</span> 
     </span>
    </p>

    <p class='ocr_par' dir='ltr' id='par_1_5' title="bbox 63 2098 1352 2409">
     <span class='ocr_line' id='line_1_31' title="bbox 126 2098 1351 2158; baseline -0.001 -9"><span class='ocrx_word' id='word_1_221' title='bbox 126 2110 245 2150; x_wconf 84' lang='lat' dir='ltr'>XLV.</span> <span class='ocrx_word' id='word_1_222' title='bbox 286 2110 442 2150; x_wconf 85' lang='lat' dir='ltr'>Eisdem</span> <span class='ocrx_word' id='word_1_223' title='bbox 480 2107 701 2148; x_wconf 86' lang='lat' dir='ltr'>consulibus</span> <span class='ocrx_word' id='word_1_224' title='bbox 735 2108 771 2147; x_wconf 89' lang='lat' dir='ltr'>P.</span> <span class='ocrx_word' id='word_1_225' title='bbox 799 2107 984 2147; x_wconf 89' lang='lat' dir='ltr'>Canidius</span> <span class='ocrx_word' id='word_1_226' title='bbox 1021 2098 1173 2146; x_wconf 80' lang='lat' dir='ltr'>Crassus</span> <span class='ocrx_word' id='word_1_227' title='bbox 1202 2106 1351 2158; x_wconf 82' lang='lat' dir='ltr'>legatus</span> 
     </span>
     <span class='ocr_line' id='line_1_32' title="bbox 65 2171 1352 2222; baseline -0.002 -10"><span class='ocrx_word' id='word_1_228' title='bbox 65 2172 248 2222; x_wconf 83' lang='lat' dir='ltr'>Antonii,</span> <span class='ocrx_word' id='word_1_229' title='bbox 269 2172 420 2212; x_wconf 70' lang='lat' dir='ltr'>relictus</span> <span class='ocrx_word' id='word_1_230' title='bbox 452 2173 499 2212; x_wconf 90' lang='lat' dir='ltr'>ab</span> <span class='ocrx_word' id='word_1_231' title='bbox 537 2185 582 2211; x_wconf 91' lang='lat' dir='ltr'>eo</span> <span class='ocrx_word' id='word_1_232' title='bbox 616 2172 653 2210; x_wconf 88' lang='lat' dir='ltr'>in</span> <span class='ocrx_word' id='word_1_233' title='bbox 681 2172 880 2219; x_wconf 83' lang='lat' dir='ltr'>Armenia,</span> <span class='ocrx_word' id='word_1_234' title='bbox 912 2173 947 2210; x_wconf 74' lang='grc' dir='ltr'>ἅ</span> <span class='ocrx_word' id='word_1_235' title='bbox 974 2171 1072 2210; x_wconf 86' lang='lat' dir='ltr'>hanc</span> <span class='ocrx_word' id='word_1_236' title='bbox 1106 2172 1275 2218; x_wconf 86' lang='lat' dir='ltr'>devicit,</span> <span class='ocrx_word' id='word_1_237' title='bbox 1311 2172 1352 2210; x_wconf 67' lang='grc' dir='ltr'>ἅτ</span> 
     </span>
     <span class='ocr_line' id='line_1_33' title="bbox 65 2231 1350 2283; baseline -0.003 -12"><span class='ocrx_word' id='word_1_238' title='bbox 65 2232 105 2271; x_wconf 89' lang='lat' dir='ltr'>in</span> <span class='ocrx_word' id='word_1_239' title='bbox 126 2233 256 2272; x_wconf 85' lang='lat' dir='ltr'>Iberos</span> <span class='ocrx_word' id='word_1_240' title='bbox 279 2235 450 2273; x_wconf 79' lang='lat' dir='ltr'>exercitu</span> <span class='ocrx_word' id='word_1_241' title='bbox 481 2234 595 2272; x_wconf 71' lang='lat' dir='ltr'>ducto</span> <span class='ocrx_word' id='word_1_242' title='bbox 609 2264 622 2279; x_wconf 89' lang='lat'>,</span> <span class='ocrx_word' id='word_1_243' title='bbox 644 2246 774 2282; x_wconf 88' lang='lat' dir='ltr'>regem</span> <span class='ocrx_word' id='word_1_244' title='bbox 795 2233 1106 2280; x_wconf 84' lang='lat' dir='ltr'>Pharnabazum,</span> <span class='ocrx_word' id='word_1_245' title='bbox 1129 2232 1270 2283; x_wconf 21' lang='lat' dir='ltr'>proelior</span> <span class='ocrx_word' id='word_1_246' title='bbox 1290 2231 1350 2269; x_wconf 88' lang='lat' dir='ltr'>fu.</span> 
     </span>
     <span class='ocr_line' id='line_1_34' title="bbox 63 2293 1349 2341; baseline 0 -9"><span class='ocrx_word' id='word_1_247' title='bbox 63 2293 171 2341; x_wconf 87' lang='lat' dir='ltr'>sum,</span> <span class='ocrx_word' id='word_1_248' title='bbox 196 2295 245 2332; x_wconf 90' lang='lat' dir='ltr'>ad</span> <span class='ocrx_word' id='word_1_249' title='bbox 274 2294 496 2333; x_wconf 88' lang='lat' dir='ltr'>societatem</span> <span class='ocrx_word' id='word_1_250' title='bbox 531 2294 623 2334; x_wconf 91' lang='lat' dir='ltr'>belli</span> <span class='ocrx_word' id='word_1_251' title='bbox 655 2304 789 2334; x_wconf 85' lang='lat' dir='ltr'>contra</span> <span class='ocrx_word' id='word_1_252' title='bbox 818 2294 963 2332; x_wconf 86' lang='lat' dir='ltr'>vicinos</span> <span class='ocrx_word' id='word_1_253' title='bbox 989 2294 1155 2332; x_wconf 88' lang='lat' dir='ltr'>Albanos</span> <span class='ocrx_word' id='word_1_254' title='bbox 1182 2293 1309 2340; x_wconf 79' lang='lat' dir='ltr'>adegit</span> <span class='ocrx_word' id='word_1_255' title='bbox 1333 2305 1349 2332; x_wconf 74' lang='lat'><strong><em>2</em></strong></span> 
     </span>
     <span class='ocr_line' id='line_1_35' title="bbox 67 2353 1348 2409; baseline -0.005 -11"><span class='ocrx_word' id='word_1_256' title='bbox 67 2359 105 2398; x_wconf 76' lang='grc' dir='ltr'>ἃ</span> <span class='ocrx_word' id='word_1_257' title='bbox 138 2357 275 2397; x_wconf 84' lang='lat' dir='ltr'>horum</span> <span class='ocrx_word' id='word_1_258' title='bbox 309 2371 394 2409; x_wconf 87' lang='lat' dir='ltr'>rege</span> <span class='ocrx_word' id='word_1_259' title='bbox 424 2357 596 2408; x_wconf 86' lang='lat' dir='ltr'>superato</span> <span class='ocrx_word' id='word_1_260' title='bbox 623 2357 771 2397; x_wconf 91' lang='lat' dir='ltr'>Zobere</span> <span class='ocrx_word' id='word_1_261' title='bbox 788 2386 800 2406; x_wconf 95' lang='lat'>,</span> <span class='ocrx_word' id='word_1_262' title='bbox 829 2355 1039 2407; x_wconf 81' lang='lat' dir='ltr'>progressus</span> <span class='ocrx_word' id='word_1_263' title='bbox 1064 2356 1114 2395; x_wconf 88' lang='lat' dir='ltr'>ad</span> <span class='ocrx_word' id='word_1_264' title='bbox 1134 2353 1348 2396; x_wconf 77' lang='lat' dir='ltr'>Caucasum</span> 
     </span>
    </p>
   </div>
   <div class='ocr_carea' id='block_1_3' title="bbox 67 2470 1351 2565">
    <p class='ocr_par' dir='ltr' id='par_1_6' title="bbox 67 2470 1351 2565">
     <span class='ocr_line' id='line_1_36' title="bbox 115 2470 1351 2524; baseline -0.002 -17"><span class='ocrx_word' id='word_1_265' title='bbox 115 2475 137 2518; x_wconf 84' lang='lat'>§</span> <span class='ocrx_word' id='word_1_266' title='bbox 171 2475 274 2524; x_wconf 70' lang='lat' dir='ltr'>XLII.</span> <span class='ocrx_word' id='word_1_267' title='bbox 306 2475 386 2509; x_wconf 84' lang='lat' dir='ltr'>Dio.</span> <span class='ocrx_word' id='word_1_268' title='bbox 421 2474 544 2518; x_wconf 78' lang='lat' dir='ltr'>Vellei.</span> <span class='ocrx_word' id='word_1_269' title='bbox 572 2484 590 2505; x_wconf 86' lang='lat'>2</span> <span class='ocrx_word' id='word_1_270' title='bbox 607 2500 616 2514; x_wconf 92' lang='lat'>,</span> <span class='ocrx_word' id='word_1_271' title='bbox 638 2485 670 2506; x_wconf 88' lang='lat'>2.</span> <span class='ocrx_word' id='word_1_272' title='bbox 694 2475 837 2511; x_wconf 82' lang='lat' dir='ltr'>Sueton.</span> <span class='ocrx_word' id='word_1_273' title='bbox 861 2474 897 2509; x_wconf 69' lang='lat' dir='ltr'>In</span> <span class='ocrx_word' id='word_1_274' title='bbox 922 2475 1011 2519; x_wconf 77' lang='lat' dir='ltr'>Aug.</span> <span class='ocrx_word' id='word_1_275' title='bbox 1034 2485 1065 2508; x_wconf 88' lang='lat' dir='ltr'>c.</span> <span class='ocrx_word' id='word_1_276' title='bbox 1092 2482 1147 2517; x_wconf 82' lang='lat'>29·</span> <span class='ocrx_word' id='word_1_277' title='bbox 1170 2471 1192 2518; x_wconf 83' lang='lat'>§</span> <span class='ocrx_word' id='word_1_278' title='bbox 1223 2470 1351 2517; x_wconf 45' lang='lat' dir='ltr'>XLIIKJ</span> 
     </span>
     <span class='ocr_line' id='line_1_37' title="bbox 67 2519 792 2565; baseline 0 -11"><span class='ocrx_word' id='word_1_279' title='bbox 67 2519 193 2564; x_wconf 58' lang='lat' dir='ltr'>Velle),</span> <span class='ocrx_word' id='word_1_280' title='bbox 221 2520 303 2555; x_wconf 76' lang='lat' dir='ltr'>Dio.</span> <span class='ocrx_word' id='word_1_281' title='bbox 335 2519 356 2565; x_wconf 58' lang='grc' dir='ltr'>ᾗ</span> <span class='ocrx_word' id='word_1_282' title='bbox 385 2519 504 2557; x_wconf 79' lang='lat' dir='ltr'>XLIV.</span> <span class='ocrx_word' id='word_1_283' title='bbox 532 2520 678 2564; x_wconf 69' lang='lat' dir='ltr'>Appiam.</span> <span class='ocrx_word' id='word_1_284' title='bbox 709 2519 792 2556; x_wconf 77' lang='lat' dir='ltr'>Dio.</span> 
     </span>
    </p>
   </div>
  </div>
 </body>
</html>
