1617 2963
224 241 318 285 244
386 223 476 268 JO.
518 215 1008 265 FRElNSHEMII
1055 215 1407 263 SUPPLEM.

224 331 290 371 illa
319 332 473 380 regione
504 324 641 377 posuit.
674 324 955 373 Commagenes
988 334 1146 373 regnum
1177 322 1394 363 Mithridati
1424 330 1504 363 tra-³

225 395 323 434 didit
353 391 496 438 Caesar,
532 401 649 439 puero
688 386 842 434 adhuc,
876 386 962 435 quia
997 394 1143 435 patrem
1177 386 1259 434 ejus
1295 384 1503 425 Antiochus

226 454 433 494 occiderat.
472 450 666 497 Artaxias,
694 444 848 497 majoris
876 448 1060 486 Armenia:
1085 458 1176 494 rex,
1199 445 1261 496 qui
1281 445 1505 485 Parthorum

226 515 365 566 opibus
390 514 565 559 steterat,
592 510 653 549 his
675 509 808 549 Caesari
830 509 878 548 de
897 508 1079 548 Armenia
1100 506 1400 546 concedentibus
1415 538 1427 553 ‚
1451 507 1504 546 fa-

224 577 345 616 ctioni
375 574 529 613 suorum
560 572 721 611 resistere
750 583 829 609 non
852 570 1001 620 potuit,
1029 568 1183 608 fratrem
1207 569 1288 617 ejus
1313 568 1504 607 minorem

219 648 314 679 natu
339 639 545 688 Tigranem
574 637 622 676 ad
643 649 800 687 regnum
835 634 1084 680 vocantium,
1114 645 1251 683 quem,
1274 633 1503 672 Alexandria

221 709 356 751 capta,
394 699 515 739 Caesar
559 699 725 738 Romam
755 697 977 736 abduxerat.
1024 695 1141 744 Igitur
1180 694 1301 733 Caesar
1330 694 1502 744 privigno

218 760 286 800 suo
324 759 482 799 Tiberio
514 758 658 798 Neroni
686 757 888 806 negotium
915 756 955 794 id
979 755 1170 805 permisit,
1192 753 1381 794 Archelao
1408 768 1505 805 quo-

220 834 301 871 que
323 820 497 867 monito,
527 827 570 856 ut
600 815 809 866 adjuvaret.
851 815 924 855 Sed
961 815 1178 865 priusquam
1218 814 1257 853 hi
1289 816 1502 866 quidquam

219 880 467 927 molirentur,
499 879 669 919 Artaxias
704 877 795 916 dolo
823 877 1128 927 propinquorum
1161 875 1309 916 occisus
1333 877 1396 916 est.
1440 877 1505 926 Ti?

219 943 348 983 berius
384 942 538 992 Tigrani
571 951 730 980 vacuam
756 938 1025 989 poffefflonem
1059 938 1166 988 'regni
1197 938 1384 985 tradidit,
1420 938 1500 977 dia—

220 1007 374 1045 demate
401 1017 472 1054 pro
488 1002 665 1042 tribunali
690 1002 879 1051 impofito.
901 999 1236 1050 Supplicationes‚
1261 999 1311 1039 ob
1334 999 1415 1039 haec
1439 1002 1502 1039 de-

219 1076 331 1105 cretae
346 1095 356 1113 ,
375 1065 458 1115 spes
483 1063 735 1103 adolescentis
763 1062 967 1108 inflarunt,
990 1074 1080 1111 quas
1099 1074 1240 1111 nuper,
1263 1061 1356 1100 dum
1382 1062 1421 1099 in
1437 1062 1503 1111 Sy-

218 1128 313 1167 riam
347 1126 558 1167 exercitum
595 1137 662 1175 per
684 1123 958 1164 Macedoniam
993 1122 1124 1170 ducit,
1163 1122 1266 1172 apud
1301 1120 1498 1171 Philippos

220 1197 474 1239 conceperat,
506 1200 594 1226 cum
623 1200 708 1232 ara,
734 1187 930 1236 quondam
958 1184 1006 1224 ab
1027 1186 1192 1225 Antonio
1217 1183 1436 1224 victricibus
1458 1185 1500 1222 in

217 1252 344 1303 castris
372 1251 512 1300 posita,
536 1249 716 1288 adolente
739 1250 918 1295 nemine,
943 1247 1073 1287 subitis
1099 1246 1250 1297 ignibus
1276 1245 1501 1285 colluxiffet‚

215 1313 377 1362 Jamque
415 1310 609 1349 crescendi
646 1309 869 1348 facultatem
905 1312 940 1348 ὅ(
970 1308 1124 1346 vitricus
1157 1307 1300 1354 dabat,
1337 1306 1499 1356 legioni-

217 1375 289 1413 bus
315 1371 593 1425 provinciisque
619 1371 856 1421 praeficiens,
886 1372 922 1410 Sc
948 1370 1079 1409 relicta
1112 1382 1179 1420 per
1205 1369 1352 1418 aliquot
1378 1380 1499 1407 annos

216 1435 387 1481 Orientis
413 1446 511 1474 cura.
547 1446 623 1483 quo
643 1441 816 1482 tempore
844 1434 879 1471 ἅ
904 1432 1113 1481 Tigranes,
1134 1429 1320 1470 Armeniae
1347 1441 1436 1476 rex,
1461 1432 1498 1468 δε

217 1497 326 1535 liberi
356 1497 458 1544 ejus,
489 1507 577 1532 cum
602 1494 642 1532 in
669 1507 829 1544 regnum
858 1501 973 1542 atque
1001 1491 1287 1530 matrimonium
1318 1490 1497 1541 AEgyptio

216 1573 324 1599 more
347 1559 479 1597 sociati
502 1557 646 1606 effent,
670 1557 902 1595 interierant.
947 1556 1048 1595 Tum
1080 1554 1176 1603 jussu
1208 1553 1360 1604 Augusti
1382 1554 1497 1593 Tibe-

213 1625 291 1662 rius
317 1620 557 1661 Artavasdem
578 1617 784 1668 imposuit:
811 1616 876 1655 sed
899 1615 979 1666 ipse
1007 1627 1161 1665 quoque
1185 1613 1301 1664 paulo
1326 1613 1408 1663 post
1432 1613 1495 1651 de-

215 1687 337 1734 jectus
362 1683 437 1731 est,
458 1695 537 1721 non
562 1681 636 1719 slne
661 1680 772 1719 clade
798 1679 983 1719 Romana.
1019 1678 1198 1717 Ceterum
1225 1675 1306 1715 haec
1330 1676 1496 1726 postmo-

218 1747 312 1785 dum
344 1745 579 1783 acciderunt.
984 1781 985 1784 Ἴ

270 1807 418 1847 XXVI.
444 1806 543 1845 Tum
562 1817 650 1843 vero
668 1802 876 1854 Augustus,
895 1814 943 1840 ex
969 1801 1125 1841 Oriente
1146 1798 1335 1847 reversus,
1358 1798 1493 1839 iterum

213 1869 430 1907 hibernavit
457 1868 581 1913 Sami,
607 1866 897 1914 libertatemque
924 1863 1027 1903 velut
1053 1865 1092 1902 in
1118 1862 1337 1902 mercedem
1368 1863 1493 1913 hospi-

213 1931 258 1968 tii
286 1929 421 1969 Samiis
447 1928 564 1967 dedit.
597 1929 680 1967 Nec
702 1928 755 1965 ibi
780 1939 847 1976 per
869 1926 979 1976 segne
1004 1925 1124 1964 otium
1158 1926 1374 1968 traductum
1397 1933 1491 1964 tem-

213 2002 286 2040 pus
306 1989 385 2035 est,
408 1987 616 2027 multarum
641 1988 841 2025 nationum
863 1985 1001 2035 regulis
1024 1998 1071 2023 eo
1097 1985 1274 2035 legatisve
1298 1986 1491 2024 confluen-

210 2050 326 2089 tibus.
364 2050 488 2088 Tanta
515 2049 619 2086 enim
646 2047 817 2096 majestas
847 2045 996 2086 Caesaris
1022 2046 1118 2093 fuit,
1145 2054 1188 2085 ut
1212 2045 1388 2096 Scythae,
1420 2047 1491 2086 Ga-

212 2120 402 2150 ramantes
430 2112 464 2149 ok
492 2110 678 2149 Bactriani
710 2119 888 2158 oratores
907 2108 954 2146 de
990 2107 1135 2146 foedere
1166 2107 1370 2147 mitterent.
1413 2109 1489 2148 Sed

212 2187 288 2224 prae
310 2173 449 2211 ‚ceteris
475 2172 607 2210 Indica
637 2170 829 2209 celebrata
853 2169 993 2220 legatio
1018 2168 1091 2214 est,
1118 2181 1139 2206 a
1163 2168 1356 2207 Pandione
1382 2168 1489 2207 missa

213 2238 249 2275 Sc
276 2236 370 2273 Poro
400 2233 576 2283 regibus;
616 2245 777 2282 quorum
814 2231 906 2270 alter
933 2231 1061 2279 utique
1089 2230 1189 2279 prius
1214 2230 1252 2268 in
1278 2239 1488 2268 extremum

210 2295 330 2345 usque
358 2295 613 2334 Occidentem
635 2293 813 2331 amicitiae
844 2291 1018 2341 petendae
1048 2290 1158 2329 causa
1183 2291 1231 2329 ad
1256 2289 1489 2339 Augustum,

208 2359 252 2396 in
287 2357 467 2407 Hispania
497 2355 810 2406 belligerantem,
833 2354 1035 2404 legaverat.
1073 2351 1253 2392 Nicolaus
1286 2350 1488 2390 Damasce-

212 2432 308 2468 nus,
350 2419 441 2469 qui,
471 2420 512 2471 fi
544 2419 608 2455 hos
646 2417 766 2468 vidzffe
798 2417 1025 2462 Antiochiae,
1069 2413 1219 2462 scribit,
1255 2426 1321 2452 tres
1353 2425 1483 2452 tantum

260 2538 281 2581 §
311 2537 418 2571 XXV,
436 2536 515 2570 Dio.
536 2535 671 2580 Joseph.
696 2535 802 2579 antiq.
831 2533 906 2568 Jud.
934 2544 996 2581 ις,
1024 2546 1052 2577 5.
1074 2532 1182 2565 strab,
1206 2534 1229 2570 1.,
1255 2540 1302 2573 174
1323 2529 1433 2563 Tacit.
