1617 2963
266 183 339 229 m
384 180 560 228 [οε.
597 182 737 228 L1B.
783 180 1008 227 cxxxu
1053 182 1200 230 ων.
1323 197 1390 245 99

108 289 272 331 multum
299 290 431 329 emifit.
470 285 775 336 Tempestatibus
814 287 982 337 percussa
1008 286 1200 338 pleraque.
1245 287 1290 328 In
1322 287 1382 328 his

107 361 292 403 tropaeum
327 351 367 389 in
395 348 607 396 Aventino,
637 347 804 386 Victoria
832 348 871 386 in
902 348 1038 398 scena,
1069 362 1168 421 pons
1201 348 1385 389 sublicius

110 412 150 451 in
174 426 297 451 amne.

165 475 258 515 XX.
305 471 490 512 Incendia
526 481 679 521 quoque
713 468 842 509 multis
871 468 965 509 Iocis
997 471 1174 520 fuerunt,
1210 474 1244 513 &
1275 484 1387 512 mons

107 537 220 578 AEtna
237 537 418 575 finitimos
435 534 537 585 gravi
553 542 691 572 terrore
707 532 1018 581 detrimentoque
1034 534 1245 574 mulctavit.
1268 536 1390 575 Athe·

111 599 172 637 nis
201 610 248 636 ex
273 597 443 636 Deorum
471 598 505 635 ἃ
535 594 732 644 gigantum
766 592 1039 640 dimicatione,
1073 608 1187 644 quam
1222 597 1315 636 fecit
1348 598 1391 636 in

107 660 214 700 scuto
242 661 426 701 Minervae
447 657 625 705 Phidias,
649 655 805 706 Di0nys1
838 654 1079 694 simulacrum
1105 658 1228 698 ventis
1257 658 1389 698 excus-

108 722 192 762 sum
220 722 259 760 in
284 720 431 759 theatro
462 718 603 768 jacuit3
631 719 738 765 cujus
769 717 936 755 numinis
965 715 1138 756 habitum
1165 732 1387 771 nomenque

108 783 295 824 Antonius
328 779 506 830 usurpare
536 777 796 817 consueverat.
838 776 982 815 Eadem
1014 778 1213 827 tempestas
1239 780 1385 820 Eume-

110 848 169 885 nis
196 844 387 894 Attalique
415 841 604 888 colossos,
634 852 729 890 quos
756 839 921 879 Antonio
950 839 1234 891 transcripserat
1259 845 1392 883 civita-

109 908 158 948 tis
195 906 366 946 adulatio
390 935 402 953 ,
436 917 482 943 ex
522 902 650 943 multis
690 900 789 940 solos
826 901 971 940 evertit.
1007 901 1254 943 Praesentibus
1295 908 1393 945 curis

111 970 255 1018 adjecit
280 968 553 1019 praeteritorum
577 964 803 1004 memoriam
828 962 1190 1015 sollicitudo‚quod
1208 980 1327 1017 nuper
1350 969 1393 1008 in

108 1033 259 1074 Etruria
283 1033 395 1070 draco
422 1031 552 1080 biceps
568 1059 580 1078 ‚
599 1028 737 1078 longus
760 1027 876 1076 pedes
899 1027 1094 1077 octoginta
1117 1030 1282 1079 quinque
1298 1060 1308 1078 ,
1336 1030 1395 1069 su-

111 1095 193 1134 bito
219 1093 443 1143 conspectus
460 1121 473 1141 ‚
495 1091 577 1142 post
608 1088 727 1129 multa
758 1090 793 1128 &
815 1089 916 1127 varia
941 1089 1082 1129 damna
1116 1092 1203 1130 data
1220 1122 1234 1139 ,
1262 1092 1392 1131 fulmi-

109 1171 157 1196 ne
182 1158 276 1196 ictus
296 1156 429 1194 fuerat.
460 1154 591 1193 Romae
606 1151 732 1203 pueri,
748 1152 915 1201 partium
949 1152 1171 1192 nominibus
1196 1153 1387 1204 assumtis,

110 1219 231 1261 biduo
271 1225 564 1263 concurrerunt,
598 1213 800 1253 Antoniani
823 1213 910 1252 visti
931 1212 1025 1252 sunt.
1074 1206 1077 1215 ³

164 1279 277 1321 XXI.
307 1279 385 1318 Tot
407 1277 592 1328 portentis
625 1276 833 1326 pavefactae
870 1285 1045 1326 mentes,
1078 1289 1167 1316 cum
1192 1278 1231 1317 in
1261 1280 1390 1329 quoti-

113 1343 226 1383 diana
266 1339 356 1380 belli
389 1339 670 1390 exspectatione
709 1337 852 1385 effent,
889 1337 1035 1377 factum
1070 1339 1146 1387 est,
1180 1349 1223 1379 ut
1255 1350 1392 1381 neuter

112 1417 159 1444 eo
195 1415 295 1442 anno
323 1400 534 1451 quidquam
569 1400 767 1449 inciperet.
809 1397 956 1447 Caesar,
979 1398 1026 1437 ab
1053 1400 1221 1438 Antonio
1252 1402 1396 1441 venisse

111 1466 295 1516 pecunias
328 1463 514 1511 audiens,
548 1475 626 1500 non
658 1460 845 1508 audebat,
872 1460 938 1500 nifi
967 1462 1168 1512 diligenter
1205 1465 1390 1505 omnibus

108 1528 289 1579 provisis,
319 1526 366 1565 ab
402 1524 510 1564 Italia
550 1523 754 1563 discedere.
796 1524 1033 1571 Antonium,
1056 1526 1120 1564 vix
1147 1526 1335 1566 emersum
1367 1539 1391 1567 e

111 1590 232 1635 luxu,
271 1590 306 1627 &
343 1585 549 1636 improviso
589 1586 759 1625 adventu
798 1584 920 1640 hostes
949 1587 1117 1626 territare
1156 1598 1394 1639 conantem,

114 1649 329 1691 Caesarianae
352 1646 472 1686 clallis
496 1649 650 1685 nuntius
668 1647 842 1697 decepit,
859 1660 971 1696 quam
988 1649 1035 1687 ad
1051 1649 1260 1694 ,Ceraunios
1284 1664 1395 1690 mon.

113 1723 172 1753 tes
189 1715 301 1761 stare,
322 1711 581 1762 speculatoriis
602 1709 760 1759 navigiis
778 1709 989 1759 conspectis
1007 1711 1162 1761 quidam
1180 1712 1395 1753 affirmave-

111 1786 208 1816 rant.
229 1775 351 1826 Igitur
373 1774 413 1812 in
436 1771 740 1823 Peloponnesum
766 1772 909 1811 directo
932 1772 1060 1821 cursu,
1083 1774 1215 1824 passim
1242 1776 1390 1827 disper-

112 1841 205 1880 titus
226 1838 380 1889 copias,
407 1849 482 1887 quo
506 1837 540 1875 8(
568 1831 677 1886 plura
700 1834 786 1873 loca
813 1844 1021 1883 tutaretur,
1050 1838 1085 1875 &
1115 1837 1238 1877 divifis
1258 1839 1299 1878 in
1326 1851 1391 1879 ex-

112 1902 245 1954 pedito
277 1899 458 1938 alimenta
484 1898 628 1945 forent,
666 1897 783 1936 Patris
809 1897 977 1937 hiemare
1002 1898 1173 1939 instituit.
1210 1900 1268 1939 Ibi
1300 1915 1395 1952 quo.

113 1975 186 2014 que
218 1975 305 2000 eum
338 1960 514 2012 prodigia
539 1959 844 2010 impendentium
870 1959 1057 1999 malorum
1088 1962 1273 2012 excepisse
1303 1976 1391 2002 cre-

118 2026 197 2064 dita
224 2023 332 2071 sunt,
366 2023 468 2072 quod
499 2021 643 2060 interea
677 2022 769 2060 dum
799 2021 876 2060 illic
911 2023 1009 2072 agit,
1038 2023 1212 2063 Herculis
1233 2025 1392 2075 fanum,

117 2099 232 2136 quem
259 2086 406 2135 generis
432 2084 504 2123 suis
532 2085 725 2123 auctorem
752 2083 924 2129 ferebat,
951 2086 1210 2136 conflagravit.

172 2148 304 2189 XXII.
335 2147 440 2187 Inter
464 2146 531 2184 has
554 2145 644 2185 belli
671 2159 817 2191 morae,
844 2158 891 2184 ex
915 2147 1021 2185 omni
1044 2149 1179 2187 ordine
1211 2149 1391 2199 utrinque

115 2212 399 2261 transfugerunt
420 2211 598 2261 quidam:
628 2211 662 2249 ὃς
692 2210 731 2249 L.
756 2209 934 2249 Meffium
960 2209 1237 2260 exploratorem
1261 2211 1393 2260 depre-

117 2270 278 2310 hensum
307 2271 452 2318 Caesar,
479 2270 622 2310 ostenso
651 2271 685 2309 ei
710 2271 815 2320 prius
843 2271 948 2308 omni
976 2271 1041 2310 suo
1073 2281 1279 2322 apparatu,
1305 2272 1389 2311 mis-

119 2332 203 2373 sum
229 2332 345 2381 fecit3
382 2345 613 2383 quamquam
644 2333 810 2372 eundem
838 2334 954 2372 etiarn
984 2333 1084 2373 bello
1122 2334 1293 2374 Perusmo
1333 2345 1395 2372 ca-

168 2450 190 2493 §
216 2451 308 2483 XIX.
336 2449 433 2493 Josep
437 2450 471 2483 h.
498 2451 537 2483 de
562 2451 597 2483 B.
623 2448 700 2483 Jud.
728 2462 766 2491 ι,
840 2450 960 2483 ..Plut
981 2452 1014 2484 in
1038 2452 1168 2484 Anton.
1196 2451 1397 2488 c.18.D'100

125 2495 149 2540 5
173 2494 361 2531 Ax.l'1m.
385 2463 470 2528 Plpin.
494 2499 558 2539 36,
583 2494 717 2530 §.Dm
741 2496 764 2541 §
790 2494 998 2530 xY1.P1ut.
1072 2542 1116 2587 G

1141 2559 1167 2590 ἐζ
