1617 2963
235 196 308 242 {N
353 195 451 241 LO
474 193 529 242 C.
565 195 705 242 LIB.
750 195 956 242 CXXXI
1000 197 1147 246 LIV.
1273 198 1336 260 ὅς’

50 303 133 352 ej'us
157 301 194 343 se
228 303 444 353 potentiam
470 300 675 340 succedere
700 301 827 351 poffe;
858 301 914 342 fin
948 294 1170 353 superesset,
1199 302 1333 345 saltem

50 364 91 403 in
114 366 264 415 imperii
297 366 425 403 venire
449 361 683 403 societatem.

119 426 183 466 IV.
215 426 372 466 Duabus
408 434 590 475 praeterea
626 423 738 464 rebus
765 425 913 466 animus
939 427 974 466 ei
998 427 1237 480 augebatur:
1270 443 1337 471 re-

51 488 155 527 centi
184 489 369 528 memoria
402 486 582 534 Labieni,
612 486 677 537 qui
707 487 831 527 Afiam
853 502 1010 529 omnem
1037 490 1212 530 celeriter
1229 489 1340 533 sube-

53 557 185 597 gerat3
216 551 251 588 Sc
286 549 391 598 quod
433 547 481 586 ad
514 559 603 587 eum
647 548 824 597 quotidie
862 549 973 588 multi
1007 551 1255 592 confluebant
1289 563 1339 597 ex

52 610 183 650 Sicilia
214 613 248 650 &
273 611 355 650 aliis
380 610 597 661 provinciis.
628 608 746 660 Igitur
768 610 1012 659 imperatorio
1040 613 1173 652 habitu
1196 615 1340 655 resum-

52 679 115 717 to‚
146 671 194 710 de
224 671 345 711 Peraea
371 670 596 720 occupanda
625 669 780 709 consilia
811 671 1002 721 agitabam
1031 672 1146 713 miffis
1183 675 1336 717 interim

50 732 327 773 Alexandriam
366 732 532 783 legatis,
567 733 734 772 Antonio
760 734 962 785 societatem
999 734 1034 773 ξε
1063 736 1253 775 amicitiam
1279 737 1339 777 of.

50 794 196 836 ferens:
225 808 315 835 cum
348 795 464 846 paulo
501 804 591 834 ante
622 794 776 844 jubenti
797 809 895 833 arma
926 809 1051 847 ponere
1075 798 1268 846 Antonio,
1302 801 1342 839 δι’

47 857 100 896 fic
133 860 375 910 promittenti
411 859 592 906 veniam,
629 859 717 896 ditio
752 859 947 897 audientem
977 858 1058 908 fore
1088 858 1338 909 rescripsisset:⁰

49 919 153 961 Tum
185 933 273 959 vero
314 920 539 970 speculandi
578 919 690 958 causa
718 918 806 960 suos
842 932 909 970 per
939 919 1102 969 speciem
1137 919 1341 972 legationis

49 982 171 1030 mifit3
205 984 240 1021 ἃ
273 983 414 1021 eodem
445 990 619 1031 tempore
657 980 807 1030 legatos
843 982 882 1018 in
911 979 1121 1020 Thraciam
1156 982 1341 1021 Pontum-

51 1053 154 1091 que,
183 1042 329 1091 legatos
360 1040 408 1079 ad
444 1039 668 1079 Parthorum
706 1052 860 1089 regem:
895 1051 942 1077 eo
969 1038 1004 1076 se
1032 1040 1205 1089 recipere
1229 1041 1344 1092 cogi-

49 1109 134 1142 tans
152 1132 163 1151 ‚
185 1101 258 1141 hac
285 1102 348 1153 spe
364 1133 375 1151 ‚
404 1101 576 1140 futurum
595 1132 606 1147 ‚
628 1110 668 1140 ut
698 1101 892 1140 Romanus
917 1103 952 1140 &
980 1101 1207 1152 pompejus,
1236 1115 1344 1143 exer-

51 1164 142 1203 citui
165 1163 338 1203 Parthico
371 1163 474 1212 dux,
503 1175 547 1202 ut
574 1164 693 1202 modo
724 1162 935 1212 Labienus,
964 1164 1227 1214 praeficeretur.
1254 1167 1342 1207 Nec

51 1225 259 1265 omittebat
295 1238 435 1275 augere
470 1224 643 1272 claffem,
670 1237 845 1264 exercere
875 1226 1059 1277 remiges;
1092 1228 1244 1277 quoties
1275 1240 1344 1267 ar-

49 1293 250 1335 gueretur,
291 1293 506 1335 praetexens
532 1300 556 1323 a
586 1286 719 1338 caesare
754 1298 901 1335 mecum,
928 1294 994 1325 aut
1020 1289 1185 1326 Antonio
1211 1289 1342 1343 parari:

48 1348 114 1400 ista
132 1347 322 1387 distitans.

108 1409 153 1448 V.
185 1410 415 1460 Legatorum
449 1407 622 1458 Pompeji
648 1406 734 1447 talis
763 1408 812 1448 ad
841 1411 1049 1450 Antonium
1081 1413 1203 1452 oratio
1230 1412 1342 1455 fuisse

49 1470 222 1510 traditur.
266 1467 368 1520 Miffi
389 1471 513 1522 fitmus
539 1484 561 1507 a
588 1469 755 1522 Pompejo
771 1500 782 1517 ‚
812 1472 871 1523 qui
886 1470 1038 1523 fortuna
1061 1473 1232 1525 iniquiore
1256 1490 1343 1513 coa-

47 1534 123 1570 t‘lus
140 1531 323 1582 relinquere
352 1532 511 1569 Siciliam
526 1560 538 1578 ‚
564 1532 615 1568 ad
634 1543 729 1568 tuam
754 1532 930 1570 dexteram
954 1530 1135 1585 confligit,
1151 1549 1221 1572 nori
1243 1535 1347 1586 quast⁴

48 1592 181 1645 deeffitt,
200 1608 265 1645 quo
277 1592 317 1643 se
338 1593 517 1644 reciperet,
527 1592 592 1645 sed
601 1592 685 1645 quia
701 1595 971 1646 magnitudinem
992 1597 1102 1637 animi
1118 1597 1172 1633 tui
1185 1627 1197 1644 ‚
1214 1598 1342 1647 fidem-

48 1669 113 1707 que
143 1654 178 1691 6·
191 1654 445 1706 fimplicitatem
469 1668 596 1691 mortim
611 1685 623 1701 ‚
648 1655 768 1692 multis
790 1656 1033 1705 experimentis
1055 1658 1231 1709 cognitam
1252 1660 1340 1709 sem.

43 1729 109 1768 per
128 1715 306 1767 probavit.
333 1716 408 1753 Nec
430 1716 521 1752 enim
544 1716 757 1768 longinquus
780 1729 853 1754 erat
877 1729 939 1755 aut
961 1718 1117 1771 difficilis
1143 1720 1180 1757 in
1197 1720 1342 1774 Hispa-q

49 1778 145 1816 niam
169 1777 287 1829 curfizs
304 1807 314 1824 ,
337 1792 411 1829 quae
437 1789 571 1830 patrem
599 1777 700 1827 ejus,
728 1792 801 1829 quae
821 1779 965 1829 fratrem
998 1782 1256 1833 constantzffi'me
1283 1785 1341 1822 di.

48 1839 184 1878 lexerat
200 1871 211 1889 ,
234 1852 308 1891 quae
327 1839 484 1891 protexit
515 1838 625 1890 ipsitm
650 1841 726 1890 post
745 1840 875 1878 cladem
897 1841 1031 1892 fratris
1057 1858 1162 1880 rerum
1187 1848 1340 1885 omnium

47 1902 207 1954 inopem,
229 1915 303 1953 quae
331 1914 414 1937 mox
436 1899 579 1952 adjuvit
603 1899 793 1951 enififfime,
818 1902 876 1948 62,
892 1917 994 1951 quam
1011 1903 1144 1955 semper
1165 1907 1340 1955 exhibuit,

49 1978 142 2002 nunc
167 1977 297 2015 quoque
312 1962 498 2014 poll-'cetur
518 1976 662 2013 operam.
713 1963 862 2002 Ceterum
883 1964 942 2002 ille
957 1966 1011 2015 fic
1040 1967 1084 2017 est
1105 1964 1243 2018 affiHus
1262 1971 1343 2007 arzi-

49 2039 132 2073 mo-,
158 2035 196 2061 ut
229 2036 325 2062 tuam
347 2023 528 2075 fortunam
547 2053 558 2071 ,
593 2036 694 2075 atque
715 2025 803 2062 adeo
833 2025 1048 2064 voluntatem
1074 2030 1176 2081 sequi
1206 2032 1340 2080 malit3

50 2097 182 2134 tecum,
196 2087 234 2137 si
259 2100 338 2139 pax
358 2086 503 2137 placet,
535 2087 722 2139 qukfiere,
758 2100 887 2135 tecum,
908 2091 946 2140 fi
973 2090 1096 2128 bellum
1122 2095 1338 2145 anteponis,

49 2147 146 2187 adire
176 2148 331 2199 pericula
366 2148 523 2200 postulet.
569 2149 691 2201 Neque
721 2163 800 2187 vero
831 2166 945 2189 recens
978 2155 1071 2190 lzunc
1104 2156 1220 2193 induit
1248 2157 1335 2194 ani⁴

51 2222 166 2246 mum:
182 2207 257 2259 jam
288 2209 400 2256 olim,
427 2224 502 2247 cum
531 2211 695 2250 Siciliam
727 2214 841 2249 adhuc
865 2214 1011 2262 firmiter
1042 2216 1230 2264 obtineret,
1262 2219 1340 2257 lta-

53 2268 140 2306 liam
162 2269 408 2321 popularetur,
437 2272 629 2309 amicitiam
661 2284 755 2310 tuam
791 2275 931 2329 ambiit,
963 2290 1069 2313 matre
1095 2292 1227 2328 quoque
1249 2290 1338 2324 tua,

51 2343 155 2383 quam
172 2331 348 2382 servatam
365 2333 415 2369 ad
439 2343 470 2370 te
490 2333 579 2382 misit
594 2363 606 2381 ‚
628 2337 777 2385 pararia
801 2337 907 2387 pacis
925 2350 1028 2390 atque
1041 2341 1223 2392 societatis
1240 2347 1336 2392 ujus,

97 2447 198 2492 511¹.
224 2447 369 2491 Appian.
395 2447 477 2481 Dio.
507 2449 604 2492 §1V.
625 2450 706 2489 Dio.
730 2451 807 2489 Liv.
829 2452 919 2499 Epit.
944 2456 1090 2502 Appian.

118 2506 169 2555 T.
197 2507 292 2556 Liv.
331 2507 428 2554 Vol.
467 2508 586 2559 XII.
1066 2508 1107 2555 E
