1617 2963
237 193 330 258 ‘278
353 193 532 242 JO.FR.
547 189 742 239 SUPPL.
760 190 826 238 IN
842 190 985 239 LOC.
1000 192 1049 238 L.
1069 191 1362 241 CXXXVIII
1379 196 1495 243 L1v4

239 309 370 344 mente
394 300 498 341 Sulla
513 329 527 346 ‚
553 298 828 346 sacerdotium,
849 298 1066 350 priusquam
1099 310 1315 350 exerceret,
1337 301 1522 347 amiserat⁰

241 376 290 402 ex
313 376 358 401 eo
382 372 557 413 tempore
579 373 668 401 cum
694 373 761 411 per
782 373 902 400 annos
925 360 1089 411 amplius
1113 361 1306 414 sexaginta
1329 377 1444 403 nemo
1464 365 1525 405 fa-

240 427 322 465 etus
348 423 463 473 effet,
502 423 580 463 hoc
605 431 780 475 tempore
806 425 944 464 iterum
972 425 1011 463 id
1038 424 1250 464 flaminium
1276 425 1523 466 instauratum

239 488 305 527 est.
346 488 445 527 Cura
489 487 800 528 affervandorum
836 487 1244 528 senatusconsultorum
1277 489 1326 528 ad
1370 490 1526 540 quaesto„

238 563 298 590 res
320 550 367 589 ab
393 549 554 590 tribunis
577 553 614 590 δε
632 550 804 591 aedilibus
824 551 1028 600 translata3
1050 553 1135 602 quia
1159 552 1434 603 apparitoribus
1458 553 1524 592 de«

239 611 424 651 mandata
448 611 521 651 hac
551 611 667 652 officii
695 620 802 663 parte
817 642 828 661 ,
861 613 1014 653 causam
1038 614 1227 652 erroribus
1251 615 1284 652 ἃ
1310 614 1523 653 confusioni

241 674 437 714 dederant.
469 674 674 716 Decretum
700 677 815 715 etiam
837 685 948 725 erat,
972 686 1015 716 ut
1041 677 1158 726 Janus
1188 677 1372 717 Geminus
1395 679 1524 717 denuo

242 736 512 776 clauderetur:
546 735 612 775 sed
645 735 882 776 intercessere
920 737 1046 786 bella,
1083 738 1195 779 Dacis
1233 738 1342 778 simul
1371 739 1528 780 Dalma-

243 796 365 847 tisque
404 799 441 837 δι
463 798 667 838 Pannoniis
705 798 1009 849 rebellantibus;
1044 802 1080 840 δε
1108 810 1304 841 commota
1339 802 1525 851 validius,

245 873 362 910 quam
394 874 593 912 unquam,
618 863 844 911 Germania,
866 862 1033 914 ingentis
1055 862 1216 904 historiae
1243 866 1424 913 materia,
1458 864 1526 904 nisi

242 928 418 961 veterum
447 932 696 962 munumenta
718 925 918 974 omnium,
952 924 1090 975 quibus
1114 939 1168 965 eae
1193 939 1251 966 res
1276 927 1428 966 fuerant
1458 939 1525 967 ex.

245 983 402 1035 positae,
424 993 559 1037 praeter
578 985 736 1036 exiguos
764 984 871 1026 velut
898 987 1070 1036 indices,
1088 987 1262 1027 universa
1285 988 1523 1039 deperissent,

295 1104 322 1150 5
344 1105 406 1142 Vt,
426 1104 509 1143 Dio.
530 1107 674 1143 Sueten.
695 1106 731 1140 in
755 1107 845 1152 Aug.
862 1118 894 1141 c.
914 1117 953 1152 3¹
981 1106 1016 1145 ὅ(
1030 1107 1087 1144 6ι.
1108 1107 1185 1145 Liv0
1204 1108 1296 1157 Epit.
1318 1108 1432 1147 Tacit.
