1617 2963
197 201 274 248 IN
316 200 482 247 LOC.
533 200 670 248 LIB.
714 199 915 249 CXXlX
951 203 1096 252 LIV.
1230 217 1290 270 35·

13 305 141 346 donec
183 308 286 347 fama
327 308 568 347 adventantis
606 308 782 359 Agrippae
821 311 994 359 excitus,
1031 312 1078 350 ad
1120 310 1295 353 Pelorum

10 371 296 410 transcucurrit.
328 372 390 411 Sic
416 370 562 409 relictas
589 369 755 409 hostium
781 372 939 412 disc-effu
973 374 1203 425 Mylenfium
1218 374 1300 413 fau-

11 444 77 471 ces
100 432 220 472 Caesar
235 434 458 483 occupavit,
478 441 633 482 recepto
662 433 777 472 etiam
803 434 962 484 Dianio,
989 449 1108 486 parvo
1135 438 1300 487 oppidu-

11 490 79 541 lo,
105 493 170 532 sed
202 506 350 544 magnae
387 494 426 532 in
455 493 595 533 fabulis
633 493 767 540 famae,
800 506 956 545 propter
991 498 1088 536 Solis
1120 510 1296 565 armenta?

14 567 98 605 quae
126 557 219 609 socii
252 556 392 610 Ulyffis
424 557 472 594 ibi
497 556 652 608 maffaffi
678 557 910 599 f.erebantur

69 619 180 658 XXI.
206 620 276 658 His
293 618 403 657 rebus.
419 618 598 668 cognitis,
615 620 648 657 3<
664 630 821 668 comper
825 628 880 666 to,
895 621 1106 660 adventurn
1121 622 1299 671 Agrippae

11 678 107 718 falso
132 682 313 728 jaciatum
342 679 473 728 fuiffe,
503 679 694 720 Tifienurn
730 679 883 719 Gallum
916 681 1122 731 Pompejus
1149 683 1301 724 accivit.

14 743 51 779 ei
73 742 193 782 Caesar
226 742 377 779 obviam
405 744 549 785 iturus,
583 743 773 783 aberravit
799 757 820 780 a
843 746 904 783 via
931 747 1032 782 circa
1053 744 1304 786 Myconium:

15 798 53 834 &
86 796 172 844 quia
213 806 302 832 cum
332 797 520 844 expeditis
555 801 702 844 copiis,
735 804 779 834 ut
811 795 860 834 ad
898 795 1079 849 proelium
1113 798 1309 846 process‘e-

12 864 95 901 rat,
122 856 275 894 noc‘rem
302 855 589 905 tempestatibus
616 856 813 896 horridam
846 857 922 896 fine
946 857 1195 897 tabernaculo
1221 873 1307 899 exe.

14 918 95 969 git,
117 917 223 957 scuto
250 926 399 957 tantum
428 918 600 967 Gallico,
633 918 904 958 sustinentibus
934 932 1002 969 per
1032 921 1138 958 vices
1171 918 1310 959 miiiti-

15 979 87 1019 bus
113 980 247 1018 teerus.
276 979 501 1019 Emicabant
529 981 628 1018 inter
652 980 910 1030 praecipitatos
941 981 1082 1020 imbres
1120 995 1168 1020 ex
1194 983 1310 1022 AEtna

16 1050 313 1090 prorumpentes
341 1041 532 1088 fiammae,
569 1053 658 1078 cum
691 1041 851 1080 terribili
887 1042 1061 1092 mugitu,
1100 1044 1198 1082 adeo
1228 1045 1314 1094 qui..

18 1102 126 1149 dem,
153 1111 196 1140 ut
226 1103 428 1150 Germani,
457 1101 633 1141 locorum
662 1103 857 1152 imperiti,
896 1117 971 1154 prae
1005 1105 1313 1155 consternatione

17 1163 214 1203 cubilibus
255 1165 468 1214 exfilirent3
520 1176 591 1203 nec
628 1164 792 1215 amplius
832 1165 1006 1205 fabulosa
1046 1159 1314 1218 crederentur,

19 1238 104 1276 quae
129 1225 177 1264 de
211 1227 356 1265 montis
385 1228 467 1276 ejus
498 1226 688 1265 incendiis
719 1227 944 1277 igniumque
975 1230 1206 1269 torrentibus
1239 1243 1315 1268 an-

22 1288 184 1336 tiquitas
218 1288 440 1329 tradiderat.
468 1287 561 1328 Inde
596 1286 808 1338 progressus
837 1289 886 1327 ad
919 1289 1144 1330 vastandum
1178 1303 1314 1341 agrum

19 1348 287 1398 Faberianum,
313 1349 460 1400 Lepido
485 1349 585 1388 forte
605 1362 671 1400 per
695 1363 738 1388 ea
761 1348 846 1389 loca
866 1350 1116 1390 frumentanti
1131 1351 1314 1397 occurrit.

78 1411 214 1451 XXII.
246 1405 425 1462 Namque
448 1413 503 1460 is,
526 1412 811 1462 tempestatibus
840 1413 1034 1453 &insultu
1057 1414 1316 1454 Democharis

24 1472 155 1511 amissa
187 1481 294 1523 parte
324 1475 505 1522 navium,
542 1487 622 1513 non
649 1475 697 1514 ad
727 1474 910 1514 Caesarem
936 1477 1151 1524 continuo,
1176 1477 1240 1516 sed
1255 1477 1318 1517 Li-

24 1533 192 1585 lybaeum
223 1535 450 1583 contendit,
484 1535 704 1589 necestitate
731 1536 947 1585 incertum,
974 1550 1021 1576 an
1045 1538 1224 1586 consilio,
1252 1551 1319 1578 eo.

27 1608 101 1646 que
125 1590 205 1645 ipso
228 1596 399 1646 ancipiti,
419 1596 492 1635 five
516 1606 558 1635 ut
579 1596 764 1636 Caesarem
790 1597 927 1637 lucrari
945 1597 1067 1638 solum
1089 1611 1178 1638 cum
1203 1601 1316 1640 Pom.

25 1659 116 1708 pejo
145 1658 298 1705 sineret,
327 1659 400 1697 sive
420 1667 464 1698 ut
490 1659 537 1698 ab
571 1659 638 1698 illo
667 1661 800 1700 virium
833 1659 1026 1701 hostilium
1065 1671 1214 1712 partem
1249 1664 1318 1703 ab·

28 1721 209 1761 straheret
230 1722 269 1760 in
295 1721 396 1762 sese:
424 1716 620 1761 Tifienum
650 1731 751 1761 certe
778 1721 962 1761 haetenus
989 1724 1217 1764 detinuerat.
1241 1725 1321 1775 Igi.
1366 1747 1369 1750 -

28 1790 91 1827 tur
129 1783 345 1832 con-iunetis
374 1781 489 1821 ambo
525 1783 647 1833 copiis
679 1783 892 1823 Messanam
930 1785 1131 1824 obsidione
1169 1785 1317 1826 clause-¹

29 1853 130 1885 runt.
166 1845 240 1886 Sed
272 1847 348 1884 cito
381 1855 522 1885 exortae
556 1845 644 1884 sunt
665 1845 896 1896 suspiciones
922 1849 957 1887 ἃ
984 1848 1204 1898 discordiae‚
1228 1861 1321 1890 cum

34 1905 204 1957 Lepidus
229 1907 307 1957 pari
337 1919 426 1945 cum
450 1906 593 1946 Caesare
619 1908 805 1957 potestate
831 1917 982 1957 ageret3
1005 1908 1126 1948 Caesar
1152 1921 1241 1948 eum
1268 1909 1322 1948 le-

33 1969 112 2019 gari
137 1970 263 2019 potius
292 1968 381 2007 loco
414 1968 556 2008 habere
593 1967 817 2009 destinasset.
854 1970 905 2009 Ea
930 1969 1038 2009 causa
1068 1970 1321 2012 festinationis

34 2031 167 2071 Caesari
208 2032 304 2079 fuit,
338 2045 387 2071 ne
424 2032 572 2083 Lepido
608 2031 774 2083 spatium
809 2033 916 2072 daret
948 2044 1037 2073 cum
1063 2033 1169 2073 hoste
1192 2034 1322 2073 transi·

37 2097 163 2145 gendi.
195 2096 334 2147 absque
356 2096 432 2136 hoc
456 2097 559 2136 enirn
591 2097 613 2134 fi
646 2096 792 2145 fuiffet,
827 2096 909 2147 spes
935 2104 1014 2136 erat
1048 2097 1144 2135 citra
1170 2095 1323 2146 sangui-

39 2169 130 2195 nem
159 2157 342 2196 debellari
374 2157 501 2208 poffe3
536 2158 641 2208 quod
671 2160 706 2197 Sc
733 2158 978 2197 frumentaria
1005 2169 1062 2196 res
1084 2158 1119 2196 ὅ(
1141 2155 1323 2206 pecunia-

41 2217 96 2256 ria
125 2217 333 2266 incipiebat
358 2218 431 2256 effe
455 2219 558 2268 apud
586 2218 811 2267 Pompejum
841 2217 1041 2268 angustior.
1317 2249 1320 2254 .

97 2276 252 2316 XXIII.
271 2278 419 2317 Taurus
441 2280 568 2327 enim,
591 2278 718 2318 miffus
742 2280 792 2317 ad
808 2278 882 2318 hoc
906 2292 926 2318 a
946 2278 1114 2331 Caesare,
1132 2290 1324 2317 commea*¹

43 2345 103 2379 tus
128 2339 219 2378 Pon
222 2341 300 2390 peji
324 2340 540 2390 frequenter
570 2340 860 2391 intercipi-,ebat
886 2341 1129 2391 civitatesque
1159 2353 1326 2392 occupa-

91 2460 112 2503 ς
143 2461 219 2493 XX.
238 2462 288 2493 Ατ)
269 2462 379 2505 ppian.
397 2461 478 2497 Dim
505 2461 632 2508 §XXL
650 2461 752 2499 Oros.
777 2464 818 2508 6,
839 2463 890 2501 18.
912 2463 1060 2508 Appian.
1081 2462 1160 2496 Dio.
1175 2459 1328 2508 §xxm

48 2504 197 2551 Appias]
225 2506 309 2542 Die.

1008 2551 1049 2598 C
1072 2569 1099 2603 2
