1617 2963
257 201 354 252 '170
420 189 519 239 JO.
552 188 1439 240 FRE1NSHEMIISUPPLEM2

256 295 327 334 tari
352 296 499 348 poterit,
523 309 561 334 ne
591 294 718 346 saltem
739 295 813 348 post
834 308 969 334 mortem
999 307 1094 334 tuam
1126 297 1169 334 de
1201 311 1302 349 regno
1330 297 1531 349 digladierffi

257 358 346 395 tur?
369 357 436 395 Sin
462 370 540 394 vero
555 355 675 404 filium
699 369 766 394 non
795 356 996 408 reliqueris,
1020 370 1150 408 ecquem
1163 358 1300 410 sperare
1316 359 1445 409 poteris
1467 357 1531 426 tibi

246 417 498 471 fiicceffirrem?
519 419 617 456 Nam
635 420 673 470 fi
692 433 736 456 ex
753 419 937 471 primorum
968 433 1104 457 numero
1140 420 1320 472 quemlibet
1355 422 1530 468 nomines,

253 481 378 532 reliqui
405 481 503 518 rebus
532 482 691 519 omnibus
724 496 827 534 pares
857 482 920 520 uni
950 483 1084 529 alicui,
1106 496 1203 534 quem
1233 484 1273 536 se
1304 484 1415 522 nihilo
1441 496 1530 534 prce-

247 541 445 595 flantiorem
476 554 540 580 aut
570 544 793 595 potentiorem
824 543 1060 597 judicabunt,
1085 559 1204 597 parere
1237 546 1526 597 dedignabuntur.

250 602 388 655 Efferes
424 604 532 657 igitur
560 605 659 643 illum
691 606 800 644 vivus
836 608 976 653 adhuc,
1011 606 1157 646 extolles
1193 607 1344 658 opibus,
1381 606 1524 657 regimen

245 665 506 717 provinciarum
533 681 574 705 ac
604 668 812 705 exercituum
843 668 970 715 dabis,
1005 668 1181 706 materiam
1211 668 1385 718 locumque
1422 680 1534 704 conce-

249 726 339 773 des,
373 741 439 778 quo
460 728 632 780 explicare
667 729 826 767 virtutem
855 729 989 776 animi,
1018 743 1208 781 comparare
1238 728 1411 781 gloriam,
1444 742 1533 766 com-

247 803 376 842 parare
397 790 558 842 favorem
589 792 762 830 hominum
793 794 926 843 queat?
952 804 992 829 at
1022 807 1162 842 quorum
1190 793 1355 845 modestice
1388 792 1533 839 credas,

251 850 354 888 etiam
383 863 486 903 atque
522 854 624 891 etiam
656 854 749 891 vide.
774 853 890 891 Multi
915 854 960 892 ab
993 854 1078 892 aliis
1107 866 1265 907 acceptas
1301 868 1382 906 opes
1409 853 1446 890 in
1470 867 1533 890 au-

252 914 357 949 flores
390 913 559 963 beneficii·
575 926 755 953 verterunt.

311 981 459 1022 XXVI.
500 983 625 1022 Plures
662 997 740 1036 ergo
771 982 879 1021 veluti
905 985 1050 1036 paribus
1077 984 1255 1021 momentis
1282 982 1444 1030 attolles,
1468 997 1536 1034 quo

247 1042 332 1096 spes
359 1044 511 1097 alicujus
538 1046 753 1098 improbiores
791 1057 967 1084 ceterorum
999 1057 1088 1084 metu
1120 1047 1362 1084 coerceantur?
1390 1045 1534 1083 timendi

251 1104 360 1156 igitur
380 1105 497 1155 plures
535 1118 659 1154 erunt‚·
690 1107 839 1145 maxime
876 1123 888 1144 ι
926 1108 1155 1160 consentiant.
1186 1109 1278 1160 quod
1293 1109 1331 1159 si
1349 1119 1532 1159 pugnent,-

250 1180 359 1218 neque
381 1179 413 1205 te
437 1167 587 1218 quietum
616 1168 678 1220 effe
703 1183 875 1221 unquam,
899 1184 1001 1221 neque
1026 1170 1093 1220 fiib
1121 1182 1152 1208 te
1179 1171 1366 1223 quidquam
1395 1170 1533 1221 patien-

251 1239 319 1267 tur.
340 1229 375 1267 δ’
390 1257 400 1276 ,
415 1230 453 1279 fi
463 1228 548 1280 sato
571 1231 741 1267 concedas
757 1260 768 1277 ,
797 1231 918 1268 iterum
950 1232 989 1268 in
1008 1233 1121 1270 eadem
1150 1232 1239 1279 illa,
1263 1244 1334 1282 quae
1352 1232 1461 1283 fitpra
1478 1230 1536 1267 di·

255 1290 402 1339 ximus,
439 1292 632 1343 diJcordias
649 1322 659 1339 ‚
679 1294 894 1345 seditiones,
924 1308 1021 1332 arma
1045 1294 1194 1342 civilia,
1219 1293 1421 1348 difficultate
1449 1307 1536 1345 qua-

255 1352 338 1389 dam
379 1353 596 1403 consiliorum
628 1352 870 1404 inexplicabili
915 1355 1112 1396 relabemur.
1157 1356 1267 1394 Nihil
1301 1369 1378 1406 ergo
1414 1354 1536 1393 melius

245 1413 383 1465 suerit,
404 1428 505 1466 quam
531 1426 562 1452 te
589 1416 698 1466 simul
730 1428 832 1466 atque
857 1416 1096 1469 rempublicam
1127 1417 1283 1456 omnibus
1312 1416 1400 1469 hisee
1432 1416 1538 1454 mole-

248 1476 332 1528 stiis
362 1490 404 1513 ac
435 1475 690 1528 discriminibus
725 1491 794 1515 uno
829 1477 928 1530 sablo
960 1477 1154 1530 exfitlvff‘.
1203 1480 1312 1517 Nunc
1345 1492 1383 1517 ut
1414 1493 1536 1526 arma,

252 1537 482 1590 provincias,
508 1540 748 1592 magistratus,
779 1542 934 1579 cerarium
960 1542 1091 1594 populo
1119 1543 1269 1590 reddas,
1294 1544 1329 1581 in
1352 1554 1413 1580 tua
1432 1553 1538 1580 manu

257 1599 313 1650 est.
358 1614 463 1651 eaque
497 1601 630 1639 ratione
660 1602 845 1654 gloriosam
872 1604 1093 1656 securamque
1117 1603 1320 1655 seneclutem
1348 1605 1385 1642 in
1415 1603 1536 1655 patria

258 1659 494 1709 beneficiorum
527 1662 662 1698 memori
684 1663 819 1714 sperare
836 1665 974 1715 poteris.
1004 1666 1113 1715 Quod
1133 1666 1171 1715 si
1187 1664 1279 1717 forte
1299 1665 1431 1702 reddere
1453 1676 1537 1701 rem-

256 1721 458 1774 publicam,
493 1724 600 1760 donec
634 1735 763 1776 potes,
791 1740 860 1763 non
887 1727 944 1763 vis
962 1741 976 1773 ‚·
995 1728 1119 1773 timeo,
1145 1741 1185 1764 ne
1212 1726 1402 1777 aliquando
1418 1754 1430 1772 a
1461 1739 1535 1764 cum

260 1782 383 1829 voles,
403 1797 554 1833 nequeas
568 1813 580 1831 ,
598 1798 705 1834 neque
730 1796 825 1822 tuum
850 1797 979 1837 tempus
1005 1788 1165 1838 exspec‘iet
1183 1786 1330 1837 populus
1348 1814 1359 1832 ‚
1373 1786 1441 1837 sed
1460 1798 1537 1822 cum

260 1846 419 1883 dedecore
443 1857 503 1884 tuo
529 1846 720 1898 damnoque
746 1861 800 1885 res
822 1859 950 1899 repetat
967 1877 978 1896 ,
999 1861 1088 1900 quas
1108 1848 1287 1899 putaverit
1310 1862 1333 1885 a
1361 1859 1393 1884 te
1412 1861 1475 1899 per
1486 1847 1540 1884 in·

254 1921 386 1961 Juriam
419 1919 567 1945 retlnerl.

331 1976 495 2016 XXVII.
525 1978 601 2015 Nec
629 1977 719 2015 enim
746 1977 907 2016 divinare
924 1977 1050 2030 fictura
1080 1993 1238 2031 magnum
1270 1979 1313 2030 est
1328 2008 1340 2024 ,
1369 1979 1427 2016 ubi
1449 1992 1540 2030 prae.

260 2039 432 2076 teritorum
464 2050 631 2087 eventus,
671 2040 734 2078 hoc
775 2041 948 2091 ingenium
987 2040 1048 2091 effe
1072 2041 1192 2092 populi
1230 2042 1407 2087 Romani,
1447 2042 1538 2078 hanc·

254 2099 437 2152 fortunam
469 2101 614 2147 docuit,
643 2113 683 2139 ut
719 2101 901 2141 diuturnos
933 2103 1089 2142 dominos
1114 2101 1192 2154 pati
1222 2114 1393 2153 nequeat,
1420 2101 1533 2153 impe-

262 2161 352 2202 rium
384 2163 584 2213 deponentes
617 2178 684 2203 non
712 2164 844 2208 oderit,
871 2165 981 2202 cedere
1006 2176 1172 2215 garvatos
1195 2164 1376 2215 opprimat.
1411 2162 1538 2210 Sulla,

264 2224 463 2274 acerbfflrrte
495 2227 571 2264 aft‘a
603 2226 772 2263 dinatum
789 2254 799 2273 ‚
818 2227 891 2278 post
913 2225 1083 2278 ejuratam
1108 2227 1302 2279 potestatem
1325 2227 1466 2278 securus
1492 2240 1535 2263 ac

267 2286 456 2324 honoratus
489 2287 609 2325 vixit:
646 2287 855 2339 Pompejus‚
879 2289 1041 2339 quamdiu
1066 2289 1226 2340 restituere
1251 2286 1380 2340 solitus
1414 2287 1457 2339 efl
1478 2301 1538 2324 ae-

265 2360 397 2400 ceptam
426 2350 643 2400 potentiam,
670 2363 781 2387 amore
822 2350 949 2388 civium
975 2350 1121 2401 floruit:
1148 2351 1256 2398 idem,
1277 2349 1453 2402 pastqttam
1476 2348 1538 2402 so-

314 2482 337 2525 5
361 2482 472 2518 XXV.
494 2482 632 2516 Ariste-t.
653 2483 751 2527 polit.
771 2494 783 2524 5
801 2509 810 2524 2
834 2494 883 2516 txa
