1617 2963
253 177 337 228 ru
383 180 1186 228 LOC.L113.CXXX1MV.
1300 193 1362 237 73

92 287 194 338 pini,
219 287 313 327 vicis
337 289 518 335 incenfis,
543 285 835 337 nemoribusque
861 287 1030 335 succisis,
1051 300 1123 337 qua
1148 294 1255 336 parte
1274 297 1368 322 ven-

93 357 197 386 turus
226 348 345 388 Caesar
370 350 623 396 credebatur,
647 350 686 386 in
713 349 903 400 oppidum
928 349 964 388 se
990 358 1237 398 receperunt:
1262 346 1372 386 dein-

91 411 141 449 de
162 411 255 450 alias
277 425 344 462 per
359 411 464 451 silvas
477 443 488 460 ,
506 410 677 461 abruptis
698 411 932 452 torrentibus
951 412 1093 459 invias,
1109 412 1178 449 iter
1194 409 1372 449 molienti

89 483 360 520 occurrentes,
395 473 567 514 simulata
596 474 689 524 fuga
712 473 751 513 se
781 473 1067 524 subduxerunt,
1095 474 1239 513 insidiis
1261 485 1374 512 exce-

86 534 188 584 pturi
216 533 515 585 persequentem.

142 595 294 637 XXIII.
324 598 399 637 Sed
419 596 484 635 ille
499 627 511 643 ‚
532 595 778 647 praesentiens
804 596 961 643 dolum,
989 597 1088 636 ciam
1109 597 1283 648 praemifit
1304 609 1376 635 ex-

86 657 239 707 peditos
256 688 267 706 ,
293 659 358 709 qui
387 657 532 697 summa
559 658 746 697 montium
775 658 866 707 juga
890 669 1134 708 occuparent.
1159 672 1247 697 cum
1272 670 1376 702 cete-

90 718 139 756 ris
170 719 291 769 copiis
320 719 493 758 instituto
520 719 654 758 itinere
681 717 944 769 suggrediens‚
970 720 1062 759 dum
1087 722 1233 760 excidit
1260 720 1375 759 arbo-

89 792 170 827 reS‚
199 781 337 832 viaque
372 781 580 821 munienda
619 784 655 820 ὅ(
691 781 879 822 struendis
911 782 1092 832 pontibus
1128 783 1199 821 iter
1230 783 1374 832 aperit,

89 841 137 880 ab
161 840 331 882 hostibus
361 852 520 893 repente
548 841 751 882 invaditur.
781 843 883 883 Inter
909 856 994 882 eam
1027 844 1374 884 consternationem

90 902 212 942 Caesar
243 906 441 945 cunctanti
479 904 684 945 ascendere
721 904 759 942 in
791 904 951 944 arduum
974 905 1084 945 militi
1111 906 1257 944 scutum
1288 905 1378 943 ade-

88 966 183 1014 mit,
214 968 249 1007 ἃ
275 968 315 1006 in
348 969 512 1018 primam
547 969 669 1006 aciem
715 966 945 1017 provolans,
976 967 1170 1007 submovit
1208 968 1369 1006 hostem.

88 1028 192 1069 Tum
222 1041 313 1068 vero
350 1030 593 1070 decurrentes
622 1043 669 1069 ex
703 1029 957 1080 superioribus
989 1031 1111 1079 locis,
1133 1031 1196 1082 qui
1223 1032 1271 1069 ad
1297 1030 1375 1068 hoc

90 1100 199 1131 erant
221 1094 421 1143 praemiffi‚
445 1107 627 1144 magnum
663 1093 855 1144 Japydum
895 1107 1096 1133 numerum
1132 1094 1372 1132 occiderunt.

91 1154 302 1204 Igiturssh,
321 1154 451 1196 relicto
474 1157 641 1206 oppido,
662 1168 727 1205 per
750 1155 855 1194 silvas
877 1155 965 1207 fuga
982 1155 1150 1206 dispersi,
1170 1167 1299 1194 curam
1316 1155 1375 1193 in-

89 1218 268 1266 jecerunt
302 1218 460 1265 Caesari,
499 1231 546 1258 ne
583 1219 735 1269 reperiri
766 1218 947 1269 poffent3
989 1219 1185 1268 vetuitque
1212 1216 1373 1258 incendi

87 1280 302 1329 oppidum,
333 1280 411 1320 hoc
450 1280 582 1320 saltem
626 1282 785 1332 pignore
818 1280 968 1330 sperans
1004 1282 1251 1319 attracturum
1290 1291 1371 1317 eos.

86 1340 171 1380 Nec
200 1340 332 1380 frustra
359 1341 558 1382 confilium
587 1342 670 1381 fuit.
694 1350 737 1381 ut
762 1344 900 1392 patrias
933 1341 1059 1389 sedes,
1091 1343 1205 1391 inque
1223 1343 1268 1379 iis
1289 1340 1374 1378 reli·

87 1404 148 1441 &a
174 1404 409 1454 reciperent,
434 1404 474 1443 in
498 1404 616 1443 fidem
648 1414 847 1444 venerunt.
881 1404 976 1444 Inde
998 1403 1195 1444 Metulum
1234 1403 1373 1442 duetus

87 1467 301 1515 exercitus,
327 1469 541 1507 maximum
567 1470 647 1516 ejus
673 1469 838 1518 regionis
859 1468 1068 1518 oppidum,
1090 1466 1197 1516 quod
1223 1465 1295 1504 fitu
1322 1464 1374 1503 fi·-

88 1528 169 1568 mul
207 1529 478 1577 munitissimo,
504 1533 539 1569 &
565 1531 715 1580 egregia
742 1532 945 1579 juventute
971 1529 1262 1568 defendebatur.

144 1590 293 1630 XXIV.
326 1590 372 1629 In
401 1599 533 1629 monte
562 1591 764 1630 nemoroso
799 1592 895 1630 duos
929 1589 1047 1630 colles
1073 1602 1269 1628 murorum
1293 1601 1375 1628 am-

90 1648 193 1689 bitus
209 1651 444 1700 occupabat,
459 1652 613 1690 modica
639 1652 905 1691 intercedente
919 1652 1016 1691 valle
1031 1666 1041 1700 3
1057 1652 1098 1691 id
1115 1651 1278 1702 spatium
1302 1650 1373 1688 tria

89 1712 210 1752 millia
231 1721 487 1762 armatorum,
512 1716 656 1753 viribus
679 1716 889 1766 animisque
917 1716 1171 1766 praestantium
1198 1713 1371 1753 tutaban-

90 1783 160 1814 tur.
185 1776 371 1825 Aggerem
400 1777 527 1824 jacere
553 1776 747 1816 Romanus
773 1778 994 1816 instituerat.
1026 1778 1066 1816 id
1095 1790 1192 1828 opus
1220 1779 1375 1815 noctur-

87 1838 146 1876 nis
184 1837 401 1888 diurnisque
442 1840 706 1889 eruptionibus
748 1840 1043 1891 impediebatur.
1080 1853 1204 1889 neque
1244 1838 1371 1877 subire

89 1911 219 1938 muros
249 1906 376 1939 tutum
405 1909 508 1950 erat,
543 1902 645 1951 quod
672 1901 873 1942 machinas
903 1901 1097 1941 habebant
1127 1899 1296 1946 barbari,
1318 1911 1376 1937 re·

89 1961 198 2001 licias
221 1974 242 2000 a
263 1961 309 2001 D.
332 1961 471 2010 Bruto,
502 1976 578 2013 quo
606 1972 778 2014 tempore
806 1964 952 2002 circum
977 1977 1021 2002 ea
1046 1962 1129 2001 loca
1154 1960 1372 2011 congressus

92 2033 182 2060 curn
205 2021 281 2060 hoc
304 2022 449 2062 Caesare
475 2026 510 2063 ὃς
539 2025 707 2064 Antonio
730 2024 866 2064 fuerat.
892 2025 1026 2073 Neque
1055 2024 1102 2061 de
1129 2034 1264 2073 aggere
1289 2033 1375 2070 per-

96 2081 199 2121 fecto
232 2083 411 2132 proderat
448 2083 652 2124 discuffiffe
686 2085 852 2130 moenia,
885 2085 990 2134 quod
1023 2084 1177 2122 interior
1214 2081 1374 2120 subinde

95 2156 225 2183 murus
245 2145 293 2184 ab
315 2144 420 2184 hoste
446 2146 672 2186 ducebatur.
698 2148 746 2187 At
771 2146 918 2194 Caesar,
947 2155 1138 2196 occupato
1169 2145 1378 2189 exteriore,

92 2203 376 2255 succensoque,
408 2207 456 2245 ad
497 2220 640 2246 novum
681 2220 834 2247 murum
870 2208 966 2246 binis
1006 2206 1205 2258 aggeribus
1235 2203 1373 2253 jactis,

92 2272 213 2306 turres
242 2267 375 2317 erigit,
407 2268 512 2309 unde
536 2278 699 2320 quatuor
735 2268 845 2310 fimul
875 2278 1012 2321 pontes
1046 2271 1088 2309 in
1115 2267 1260 2308 moenia
1285 2276 1376 2316 por-

94 2327 319 2378 figerentur.

140 2447 164 2491 5
189 2447 294 2480 xxu.
312 2448 458 2481 Strab.1.
475 2459 508 2484 7.
527 2447 671 2488 Appian.
692 2445 830 2482 Cluver.
850 2447 927 2482 Ital.
950 2447 1057 2491 antiq.
1086 2455 1158 2487 119,
1178 2445 1259 2478 Dio.
1280 2443 1373 2480 Hom

93 2502 138 2535 4,
166 2504 214 2525 12.
242 2492 262 2537 5
286 2493 409 2526 XXIII.
435 2492 519 2525 Flov.
544 2493 686 2536 Appian.
713 2494 734 2538 ᾗ
763 2492 892 2527 XXIV,
921 2493 1066 2537 Appiar‘.
