1617 2963
255 188 315 238 28
397 190 490 239 JO.
523 187 1059 238 FRElNSHEMII
1094 186 1472 236 SUPPLEM.¹

253 296 394 337 multas
419 299 606 337 onerarias
630 293 845 333 amiserunt.
870 294 945 334 Sed
971 296 1006 334 δε
1029 294 1114 332 duae
1134 293 1256 333 ferme
1285 293 1455 344 legiones
1469 294 1535 333 de-

253 359 445 407 fideratae3
470 357 654 409 plerisque
677 357 714 394 in
740 357 834 396 mari
862 358 963 395 varia
986 356 1087 405 peste
1110 356 1338 404 consumtis,
1365 359 1399 396 ἃ
1418 358 1442 396 fi
1464 358 1533 408 qui

251 432 366 463 enare
388 427 613 468 potuerant,
636 417 805 468 exceptis
830 431 850 456 a
876 417 1027 457 Tifieno
1055 415 1189 465 Gallo,
1217 419 1534 468 Pompejanarum

251 481 415 530 partium
439 479 549 517 duce.
579 480 696 519 ceteri
730 479 850 517 statim
872 487 937 516 aut
963 478 1092 530 postea
1118 488 1375 527 pervenerunt
1394 479 1443 518 ad
1465 478 1535 519 Le.

249 541 409 592 pidum,
439 552 526 579 cum
556 540 606 580 ad
640 541 797 580 Sextum
825 541 957 591 Papias
988 540 1257 592 abnavigaffet.

302 611 364 650 VI.
393 611 469 651 Sed
499 624 588 650 cum
613 611 784 651 universa
811 611 921 651 classe
956 611 1076 652 Caesar
1110 611 1311 662 explorato
1335 593 1530 662 professus

246 674 296 713 ad
334 674 590 725 Strongylen,
623 688 704 725 quae
742 674 886 725 septem
917 673 1114 714 AEolidum
1149 687 1225 713 una
1253 674 1332 721 est,
1361 685 1451 712 cum
1481 685 1530 712 ex

245 749 384 786 magna
416 736 543 786 specie
578 739 804 787 copiarum,
826 749 916 787 quas
943 738 1040 776 circa
1069 736 1245 777 Pelorum
1273 738 1307 775 ἃ
1337 735 1462 786 Mylas
1494 736 1532 773 δε

243 797 507 847 Tyndaridem
525 811 634 850 agere
653 798 835 846 vid-ebat,
857 798 979 848 ipsum
1002 797 1127 837 adesse
1150 799 1377 848 Pompejum
1399 799 1533 845 conje-

245 862 392 908 ctaret,
420 861 555 901 relicto
589 874 678 900 cum
711 861 874 911 imperio
913 861 1101 911 Agrippa,
1129 861 1321 900 Vibonem
1351 859 1530 910 repetiit,

243 921 435 971 pedestres
467 923 598 973 copias
631 923 878 962 adducturus.
913 921 1010 961 Inde
1033 921 1082 960 ad
1109 921 1227 960 castra
1262 921 1377 961 Tauri
1405 919 1531 958 citatis

243 983 443 1022 itineribus
468 983 730 1034 transgressus,
757 996 845 1024 cum
873 984 993 1024 tribus
1032 983 1249 1034 legionibus
1280 986 1315 1024 δι
1351 984 1405 1023 Μ.
1430 983 1534 1024 Mes-

241 1044 336 1085 salla
375 1045 517 1086 fretum
555 1046 706 1086 transire
741 1046 890 1091 statuit,
922 1055 963 1083 ut
997 1059 1064 1096 per
1100 1045 1312 1085 absentiam
1352 1044 1526 1095 Pompeji

241 1107 505 1148 Tauromenio
531 1117 672 1157 capto,
698 1108 845 1147 duabus
870 1121 917 1147 ex
942 1109 1110 1157 partibus
1138 1108 1247 1146 illum
1275 1116 1443 1157 angeret.
1468 1107 1533 1146 In..

241 1168 352 1207 terim
383 1170 419 1207 ὃς
444 1170 608 1219 Agrippa
631 1181 652 1208 e
673 1168 878 1218 Strongyle
900 1171 1097 1218 transjecit
1122 1170 1276 1209 Hieram
1292 1200 1302 1217 ‚
1326 1181 1446 1219 eaque
1469 1180 1532 1207 ca-

243 1238 310 1280 pta
345 1229 382 1268 se
415 1231 582 1279 paravit,
610 1237 652 1268 ut
677 1230 854 1280 postridie
886 1229 1011 1281 Mylas
1046 1230 1280 1271 transvectus
1307 1228 1529 1270 Democha-

240 1303 321 1328 rem
351 1291 584 1337 adoriretur,
609 1292 670 1341 qui
697 1291 897 1331 stationem
929 1292 982 1330 ibi
1015 1304 1104 1332 cum
1140 1293 1390 1342 quadraginta
1424 1292 1529 1331 navi-

243 1349 315 1390 bus
347 1351 524 1391 habebat.
569 1353 645 1392 Sed
683 1352 750 1392 ubi
784 1366 875 1392 cum
918 1353 1080 1393 dimidia
1116 1363 1222 1404 parte
1259 1354 1378 1394 classis
1411 1356 1531 1395 Hiera

242 1412 457 1463 profectus,
482 1427 562 1453 non
594 1414 697 1452 exire
727 1414 1011 1455 Democharem
1041 1416 1158 1466 vidit,
1185 1425 1379 1456 contemta
1413 1415 1530 1456 hostis

242 1475 392 1525 ignavia
426 1475 560 1521 rediit,
586 1475 755 1526 sequenti
794 1476 857 1515 die
901 1476 1052 1516 claffem
1086 1477 1300 1516 universam
1336 1477 1529 1516 adduetu-

241 1550 317 1576 ωε.
356 1536 522 1576 Vicissim
556 1537 815 1578 Demochares
854 1552 933 1578 non
963 1539 1056 1578 alias
1088 1540 1263 1590 Agrippae
1302 1551 1417 1578 naves
1454 1537 1530 1577 effe
1585 1539 1587 1541 ’

241 1607 364 1644 ratus,
399 1600 432 1638 ἃ
459 1598 526 1637 has
557 1598 653 1649 ipsas
685 1601 811 1640 tardas
832 1602 868 1639 ἃ
891 1613 1022 1650 graves
1039 1632 1049 1648 ,
1071 1604 1188 1641 noctu
1219 1603 1395 1640 evocavit
1422 1600 1531 1640 Pom-

240 1663 372 1712 pejum
401 1674 447 1700 eo
471 1661 685 1712 proposito,
702 1671 744 1702 ut
764 1665 961 1712 conjuncti
987 1663 1192 1713 Agrippam
1215 1664 1525 1713 aggrederentur.

297 1732 377 1771 Vll.
405 1731 528 1782 Igitur
558 1732 739 1782 postridie
772 1732 841 1771 sub
876 1732 980 1771 idern
1017 1732 1138 1771 ferme
1172 1740 1322 1782 tempus
1351 1732 1530 1781 utrinque

242 1792 418 1832 classibus
440 1793 586 1832 eductis
602 1823 613 1839 ,
631 1805 718 1831 cum
735 1793 903 1843 Agrippa
922 1795 957 1832 Sc
973 1792 1284 1843 Apollophanem
1308 1807 1395 1831 cum
1417 1793 1529 1842 quin-

241 1867 316 1904 que
347 1855 383 1892 &
422 1854 695 1905 quinquaginta
722 1854 882 1894 navibus
911 1854 1061 1903 adesse,
1088 1858 1123 1895 ἃ
1153 1868 1241 1894 cum
1269 1855 1354 1895 aliis
1381 1856 1530 1906 septua-

241 1917 346 1968 ginta
373 1917 601 1967 Pompejum
627 1917 733 1967 sequi
763 1917 983 1968 cognosset,
1007 1919 1143 1957 nuntio
1172 1919 1344 1958 celeriter
1370 1920 1418 1958 ad
1445 1920 1529 1959 Cae-

241 1978 362 2018 sarem
387 1978 523 2025 misso,
553 1980 593 2017 in
626 1979 776 2030 magnis
804 1979 921 2018 animi
947 1981 1126 2020 fluetibus
1150 1981 1250 2021 fuit:
1283 1982 1462 2032 idemque
1487 1984 1524 2022 ἅτ

240 2039 474 2081 Demochari
498 2040 682 2080 similibus
706 2041 822 2081 causis
848 2043 1058 2091 acciderat3
1091 2044 1148 2089 Sc,
1175 2043 1241 2081 nifi
1270 2043 1359 2093 fuga
1389 2052 1524 2093 praeter

240 2103 521 2153 turpitudinem
541 2103 644 2142 haud
661 2103 784 2143 minus
808 2104 991 2155 periculi,
1014 2098 1132 2155 quani
1148 2105 1326 2155 proelium
1340 2137 1350 2154 ‚
1368 2105 1524 2145 habuis-

241 2163 325 2211 set,
358 2177 436 2202 non
469 2163 715 2203 dubitabatur
746 2164 973 2214 utrobique,
1008 2165 1099 2216 quin
1124 2165 1313 2215 praestaret
1333 2166 1522 2207 recedere.

242 2224 438 2275 Sed'quia
465 2225 692 2275 digredienti
718 2225 912 2275 secuturus
946 2226 1060 2265 hostis
1085 2227 1320 2275 timebatur,
1351 2226 1431 2277 pari
1454 2226 1521 2265 ali-

242 2287 427 2337 quamdiu
447 2287 572 2339 Marte
597 2287 823 2326 concursum
857 2288 920 2326 est.
956 2288 1024 2327 Pro
1047 2288 1230 2338 Pompej0
1255 2287 1430 2328 celeritas
1454 2299 1522 2326 na·

242 2347 369 2395 vium,
401 2346 573 2397 artesque
605 2347 927 2400 gubernatorum,
960 2349 994 2387 ἃ
1016 2348 1204 2397 remigum
1227 2356 1357 2398 erant;
1381 2347 1520 2400 Agrip-⁴

289 2478 315 2523 S
334 2478 377 2515 V.
399 2478 545 2524 Appian.
577 2479 599 2525 S
626 2480 689 2515 vl.
710 2479 796 2514 Plin·
817 2490 835 2525 3
851 2507 861 2522 ,
887 2482 917 2515 8.
944 2480 1091 2525 Appian.
1115 2479 1199 2517 Dio.
