1617 2963
174 174 258 220 IN
308 171 470 218 Loc.
512 172 652 232 ΜΒ,
704 170 950 218 cxxvm
996 172 1142 220 ων.
1261 143 1357 241 193'

33 295 119 322 rum
144 281 392 322 Democritus
417 281 452 319 Sc
477 277 763 327 Theophrastus
784 278 1004 330 ambigant,
1028 279 1105 319 tale
1130 280 1321 322 lauretum

32 348 238 400 produxit,
273 354 313 384 ut
346 344 472 395 postea
500 340 707 380 diutiffime
734 343 937 393 triumphis
964 343 1151 387 Caesarum
1182 346 1230 383 ad
1255 358 1322 385 co„

33 422 148 449 ronas
178 408 373 450 sufficeret,
418 404 470 455 Ea
494 415 564 447 ¹>res
598 405 808 452 potentiam
838 404 1056 445 caesarianae
1086 407 1218 450 domui
1251 407 1327 449 stae,-

35 471 156 512 bilem
187 470 387 509 videbatur
428 465 659 516 promittere.
707 464 1012 504 percellebantur
1045 470 1162 506 eriam
1199 467 1326 517 homi?

36 545 106 574 nes
148 533 279 571 crebra
321 530 531 571 mutatione
567 525 878 576 magistratuum,
917 540 1007 566 cum
1043 528 1222 567 nonnulli
1259 541 1328 567 eo-

39 598 129 636 dem
169 596 232 635 die
268 595 404 640 inirent
427 593 714 639 ejurareutque3
757 588 851 627 nihil
885 590 975 628 inde
1007 604 1215 640 quaerentes
1244 603 1329 630 am.-

39 659 166 710 plius,
207 670 319 708 quam
343 655 533 693 honorem
561 653 726 692 nominis
743 683 754 699 ‚
785 656 831 692 ‹53›
850 653 952 704 spem
980 654 1215 703 adipiscendi
1240 668 1330 705 pro.

40 724 206 764 vinciam
228 752 241 768 ‚
274 732 318 758 ac
352 728 480 756 cetera
510 731 586 755 non
609 716 673 755 nlsl
697 716 914 766 magistratu
951 716 1089 756 functis
1124 717 1237 757 tribui
1264 716 1332 756 so-

41 785 122 825 lita.
151 784 291 822 Contra
328 790 462 827 erant‚
494 781 557 830 qui
585 779 819 828 magistratus
853 778 1041 828 capeffere
1075 788 1329 829 paupertate,

41 856 110 884 aut
147 844 219 883 alia
254 841 363 881 causa
395 840 628 881 vetabantur.
675 838 776 883 Nam
812 841 848 879 ἃ
879 853 947 890 qui,
971 840 1074 890 apud
1102 841 1333 890 Pompejum

39 914 172 953 erant,
210 904 312 955 quasi
349 904 484 944 merito
525 903 749 940 arcebantur
788 900 980 951 desponfis
1018 901 1254 951 honoribus;
1292 904 1331 943 ἃς

41 967 227 1018 quidam,
257 961 530 1018 bonisauiiffis
548 994 561 1010 ,
588 963 732 1001 sumtus
761 963 926 1006 tolerare
953 975 1031 1002 nun
1056 972 1245 1013 poterant.

97 1028 294 1070 XXXIX.
324 1027 428 1067 Inter
455 1038 550 1075 quos
582 1026 641 1064 M..
666 1025 843 1074 Oppius,
875 1035 1029 1075 propter
1067 1026 1255 1075 pietatem
1291 1025 1334 1064 in

43 1103 244 1145 parentem
275 1100 400 1142 gratus
424 1089 555 1138 plebi,
589 1099 679 1126 cum
703 1087 925 1126 aedilitatem
953 1089 1241 1138 praetermittere
1263 1088 1332 1126 sta.

44 1153 196 1201 ruisset,
222 1152 315 1202 stipe
351 1149 492 1190 collata
520 1148 633 1199 seque
667 1150 702 1187 ἃ
730 1148 938 1198 impensam
983 1162 1185 1188 munerum
1219 1149 1339 1188 exhi-'

46 1216 153 1256 buit:
184 1228 274 1255 curn
297 1215 412 1254 etiam
438 1214 481 1262 in
510 1212 702 1253 theatrum
724 1211 874 1262 ingreffi
900 1213 1081 1262 quidam,
1105 1212 1334 1261 histrionum

43 1279 170 1330 specie
194 1291 299 1322 -cum
331 1275 523 1328 personis,
569 1275 773 1324 pecuniam
809 1275 1078 1323 contulerunt3
1114 1275 1336 1326 animorum

45 1342 201 1382 suorum
224 1341 478 1391 obsequentes
497 1338 641 1387 judicio
658 1369 668 1385 ‚
693 1338 909 1388 periculum
923 1368 934 1385 ,
956 1351 1004 1377 ne
1028 1340 1180 1378 inimicis
1200 1338 1333 1377 Trium-

47 1409 198 1446 virorum
214 1405 345 1457 favzffie
373 1404 612 1451 dicerentur,
648 1401 719 1441 hac
752 1403 932 1441 cautione
952 1403 1127 1442 vitantes.
1159 1403 1240 1442 Nec
1268 1403 1333 1442 hic

48 1469 151 1508 stetit
175 1470 215 1506 in
242 1467 416 1518 Oppium
448 1466 581 1517 populi
613 1479 746 1504 amor:
791 1468 885 1515 quin
915 1466 950 1505 ἃ
982 1476 1179 1504 mortuum
1213 1464 1333 1515 paulo,

49 1532 135 1583 post
166 1533 208 1570 in
236 1544 374 1581 campo
405 1530 546 1570 Martio
579 1530 784 1568 funeravit.
831 1530 904 1569 Sed
942 1529 1086 1568 invidia
1117 1528 1335 1568 nobilitatis

52 1594 130 1633 offa
160 1592 298 1643 sepulti
324 1592 504 1631 translata
529 1591 618 1630 sunt
649 1591 748 1637 alio,
781 1585 1029 1641 pontificibus
1058 1591 1333 1638 monentibus,

49 1655 162 1694 locum
187 1656 325 1707 fizcrum
347 1654 429 1705 ff,
461 1669 566 1705 neque
593 1654 896 1691 comminandum
922 1667 1127 1691 mortuorum
1147 1653 1335 1703 reliquiis;

54 1729 143 1755 cum
174 1726 304 1755 tamen
332 1714 476 1754 multos
503 1715 556 1753 ibi
575 1714 718 1764 sepeliri
750 1716 784 1753 8(
809 1713 900 1763 paffi
921 1716 1022 1762 jam„
1053 1716 1087 1753 6:
1115 1714 1249 1764 pass'uri
1278 1714 1337 1754 es·

54 1778 149 1817 sent.
180 1779 325 1818 Eodem
347 1790 434 1816 vere
464 1776 521 1818 M.
547 1778 735 1816 Antonius
755 1776 910 1816 Athenis
929 1776 1091 1827 egressus
1108 1808 1119 1823 ,
1144 1789 1232 1816 cum
1260 1787 1336 1817 tre.

56 1841 179 1878 centis
207 1840 394 1887 navibus,
428 1838 615 1878 Brundisii
644 1851 719 1876 non
748 1849 948 1887 receptus,
972 1836 1182 1878 Tarentum
1212 1853 1337 1891 appu-

53 1900 126 1948 lit,
151 1900 372 1951 prorniffum
396 1900 530 1939 Caesuri
560 1899 743 1938 auxilium
770 1899 906 1938 ferens.

112 1962 197 2002 XL.
221 1962 296 2003 Sed
317 1962 438 2001 Caesar
454 1961 690 2011 exspectare,
717 1962 810 2000 dum
833 1960 897 2000 sua
916 1960 1038 2001 classis
1065 1964 1196 2014 praesto
1223 1964 1336 2016 effer,

59 2022 219 2071 maluit;
246 2023 336 2061 licet
366 2022 481 2061 semel
503 2023 718 2072 iterumque
744 2023 949 2068 invitatus,
981 2034 1020 2062 ut
1052 2037 1235 2074 apparatu
1263 2029 1338 2066 An.

58 2088 185 2132 tomi,
218 2084 419 2125 suffectum
448 2087 496 2125 ad
528 2087 566 2125 id
596 2086 764 2134 bellum,
789 2096 967 2125 uteretur.
1005 2089 1246 2137 Apparebat,
1270 2090 1339 2129 ali„

63 2147 153 2196 quid
185 2147 330 2187 subeffe
363 2149 526 2200 querelae
562 2162 607 2188 ac
643 2149 915 2201 suspicionum.
960 2149 1109 2188 Idcirco
1148 2152 1341 2200 Octavia,

66 2221 150 2258 quae
173 2210 355 2249 comitata
381 2212 507 2249 virum
544 2224 590 2250 ex
614 2210 757 2251 Graecia
782 2212 902 2251 fuerat
919 2245 927 2253 .
955 2213 1125 2250 exoravit
1155 2225 1268 2257 eum,
1303 2222 1344 2253 ut

63 2272 114 2308 ad
130 2270 276 2322 fratrem
295 2273 491 2311 mitteretur.
516 2272 683 2312 Alteram
703 2286 747 2311 ea
771 2274 851 2321 jam
873 2272 991 2311 filiam
1013 2273 1115 2321 apud
1137 2272 1342 2311 Antonium

65 2340 264 2382 pepererat
279 2364 292 2380 ‚
315 2334 349 2372 ἃ
365 2341 448 2372 tum
472 2333 590 2372 etiarn
609 2343 689 2372 erat
709 2346 920 2384 praegnans.
946 2334 1041 2374 flaec
1066 2335 1104 2372 in
1121 2335 1254 2371 itinere
1277 2343 1345 2371 oc-

116 2449 356 2493 §XXXVIIL
385 2450 559 2494 Theophr.
595 2451 635 2487 de
668 2453 776 2499 plant.
807 2463 848 2494 ι,
880 2461 912 2498 3·
951 2451 972 2496 ἓ
1004 2450 1162 2486 XXXIX.
1197 2450 1346 2497 Appian,

67 2492 156 2527 Plut.
185 2495 220 2527 in
245 2496 375 2530 Aaron.
398 2507 426 2528 c.
446 2500 502 2537 46.
747 2501 751 2504 “
1034 2541 1067 2586 B

1093 2558 1119 2588 2
