1617 2963
264 189 318 235 18
408 184 1430 236 Jo.FRE1NSHEM118'UPPLEM.

257 297 441 336 exirinrfta
472 293 707 333 nobiliffimae
726 291 854 342 *stirpis
886 291 1079 342 dignitas,
1123 305 1240 343 penes
1276 307 1390 345 quam
1428 293 1539 344 supra

256 371 377 398 annos
397 367 551 396 centum
578 355 712 406 viginti
739 354 995 394 sacerdotium
1016 358 1050 394 ἃ
1065 356 1302 407 principatus
1319 356 1540 405 Judaeorum

253 420 404 465 fuerat,
438 418 477 456 in
509 417 730 462 Herodem,
755 415 916 466 plebejae
944 417 1066 465 gentis
1096 416 1318 466 hominem,
1345 417 1542 458 Idumaeis-

255 496 332 532 que
358 478 576 531 parentibus
608 486 763 526 ortum,
793 478 988 517 conceffit.
1024 479 1207 528 Sequenti
1245 492 1369 529 anno,
1398 480 1461 530 qui
1494 481 1536 520 L.

257 544 427 584 Gellium
458 542 497 582 L.
525 541 565 581 F.
598 541 637 581 L.
673 541 720 580 N.
756 539 1014 589 Publicolam,
1051 541 1106 582 M.
1132 541 1341 591 Coccejum
1371 543 1541 583 Nervam

256 605 431 645 consules
468 604 659 656 praetulit,
694 604 830 654 quietae
855 616 911 642 res
947 605 987 642 in
1030 604 1134 656 Syria
1171 604 1350 653 fuerunt,
1385 604 1541 644 absente

253 671 448 716 Antonio,
483 674 677 706 metuente
710 668 919 705 Antonium
956 666 1085 716 Sosm,
1117 667 1141 706 si
1176 670 1325 719 magnis
1363 668 1540 719 gerendis

254 731 368 770 rebus
395 729 595 769 obscurare
624 728 786 779 gloriam
811 729 1051 777 imperatoris
1082 728 1229 780 legatus
1254 731 1459 769 videretur.

310 792 502 832 XXXVI.
535 790 610 831 Sed
644 789 766 828 Parthi
795 788 939 828 bellum
965 791 1101 838 ingens
1128 791 1226 829 inter
1248 791 1284 829 se
1313 799 1539 841 moverunt,

251 854 307 901 ‚ob
336 854 522 901 Phraatis,
549 852 638 891 novi
665 852 790 901 regis,
825 850 1089 890 crudelitatem
1119 853 1154 891 Sc
1188 854 1411 892 vecordiam
1429 883 1439 901 ,
1473 854 1539 903 qui

253 917 342 967 post
368 916 489 954 multa
513 914 716 964 parricidia
741 913 887 951 nemini
910 915 988 960 jam
1011 926 1167 963 parcere
1192 922 1362 964 poterat,
1385 914 1542 953 nobilis-

253 980 350 1019 simo
380 981 520 1028 cuique
546 977 738 1023 infestior,
768 989 845 1026 quo
876 976 996 1026 magis
1026 976 1090 1015 fibi
1119 977 1166 1015 ab
1191 975 1266 1018 hoc
1288 990 1428 1026 genere
1462 989 1543 1016 rne-

257 1041 401 1080 tuebat.
432 1041 550 1089 Igitur
578 1038 707 1077 multis
733 1037 1038 1087 quaquaversum
1063 1037 1375 1089 diffugientibus,
1398 1039 1447 1077 ad
1469 1040 1542 1078 An-

255 1105 407 1154 tonium
425 1102 611 1143 Monaeses
630 1102 744 1140 venit.
773 1100 857 1140 Erat
879 1100 934 1138 vir
959 1101 1109 1140 illustris
1137 1113 1182 1140 ac
1205 1111 1366 1151 potens,
1382 1103 1416 1141 ἃ
1443 1102 1543 1152 prio-

256 1166 362 1204 ribus
393 1163 569 1203 adversus
597 1163 795 1202 Romanos
821 1161 929 1200 bellis
957 1175 1095 1213 magna
1121 1162 1268 1201 virtutis
1291 1163 1407 1203 fama.
1440 1164 1544 1214 Qua-

255 1233 416 1276 propter
442 1223 649 1268 Antonius,
675 1234 763 1260 eum
789 1221 1041 1261 Themistocli
1059 1251 1070 1268 ,
1103 1221 1141 1260 se
1167 1235 1308 1272 magno
1333 1224 1410 1273 regi
1438 1235 1543 1262 com-

257 1298 416 1337 parans,
439 1295 515 1324 tres
542 1286 576 1322 ei
606 1283 767 1323 donavit
793 1283 931 1330 urbes,
955 1281 1154 1329 Larissam,
1181 1282 1425 1333 Arethusam,
1448 1285 1541 1324 Hie-

255 1347 435 1398 rapolin,
473 1359 586 1398 quarn
619 1348 654 1385 Sc
690 1345 889 1392 Edessam,
924 1347 960 1385 δι
997 1345 1102 1396 prius
1138 1344 1363 1397 Bambycen
1403 1345 1543 1412 appel-

255 1408 374 1453 latam
397 1408 507 1459 supra
530 1408 755 1458 scripsimus.

329 1470 538 1509 XXXVII.
575 1469 733 1508 Interim
769 1469 894 1509 Roma
933 1467 1141 1519 multiplici
1174 1470 1440 1520 prodigiorum
1475 1469 1544 1509 de-

257 1533 500 1571 nuntiatione
523 1531 574 1570 est
596 1532 787 1570 exterrita
822 1531 976 1581 Quippe
1009 1532 1193 1583 delphinas
1217 1531 1418 1582 concurriffir
1448 1532 1543 1569 invi-

258 1608 329 1632 cem
355 1606 496 1632 cruenta
524 1607 646 1645 pugna
678 1592 769 1631 circa
800 1593 962 1645 Clupeam
984 1592 1212 1644 serebantur:
1241 1592 1374 1632 Romae
1397 1591 1545 1643 sangui-

259 1668 349 1694 nem
376 1656 473 1693 inter
484 1637 666 1705 pluviam
694 1654 842 1704 lapsum
880 1653 1005 1702 coelo,
1039 1653 1140 1693 varie
1170 1653 1394 1693 distulerunt
1429 1653 1545 1692 volu-

260 1730 365 1757 cres:
401 1717 501 1756 ludis
529 1717 732 1763 Romanis,
765 1716 981 1754 senatorum
1007 1717 1048 1755 in
1079 1715 1299 1766 Capitolio,
1332 1715 1437 1754 sicuti
1457 1728 1542 1754 mos

261 1787 360 1824 erat,
383 1777 556 1828 epulatus
579 1777 630 1816 est
649 1789 777 1816 neme.
807 1776 919 1815 Liviae
943 1788 1098 1825 quoque
1119 1774 1291 1815 oblatum
1310 1788 1428 1815 omen
1448 1777 1544 1817 ficut

261 1838 328 1889 ipsi
354 1838 504 1885 laetum,
526 1838 579 1876 ita
608 1837 752 1876 civibus
779 1835 1022 1875 formidabile
1049 1836 1273 1877 habebatur.
1302 1839 1449 1888 quippe
1471 1839 1546 1876 cir-

263 1914 309 1940 ca
336 1911 486 1951 tempus
520 1900 737 1949 nuptiarum
762 1911 849 1937 cum
876 1898 1067 1949 Augusto,
1097 1900 1136 1937 in
1157 1899 1413 1947 V-ejentanurn
1435 1899 1546 1940 suum

263 1964 392 2008 eunti,
419 1961 685 2013 praetervolans
709 1960 833 2010 aquila
855 1960 1037 2010 gallinam
1059 1961 1208 2009 albam,
1233 1964 1422 2002 ramulum
1446 1963 1545 2001 lauri

262 2038 354 2077 pum
388 2024 515 2063 baccis
542 2024 614 2064 suis
653 2024 770 2063 rostro
807 2032 1031 2068 tenentem,
1062 2024 1100 2063 in
1125 2025 1312 2074 gremium
1338 2025 1544 2074 abjecerat,

263 2103 338 2126 eam
365 2099 453 2125 cum
482 2088 531 2131 ali
554 2087 687 2134 Livia,
709 2087 842 2139 serique
863 2101 992 2123 ramum
1020 2085 1264 2136 haruspicum
1295 2088 1444 2125 monitu
1472 2085 1548 2135 jus-

262 2148 382 2196 srss'et3
417 2157 519 2187 tanta
554 2147 746 2197 pullorum
779 2146 930 2186 soboles
968 2150 1168 2196 provenit,
1201 2160 1244 2187 ut
1278 2161 1321 2188 ea
1353 2148 1442 2187 villa
1477 2149 1546 2186 diu

265 2210 393 2261 postea
421 2212 469 2248 ad
494 2210 665 2248 Gdllms
699 2219 920 2256 vocaretur,
943 2222 1026 2259 quae
1056 2211 1116 2249 via
1135 2208 1318 2248 Flaminia
1347 2211 1457 2258 juxta
1477 2222 1546 2248 no·

266 2284 359 2310 num
391 2271 438 2309 ab
460 2271 554 2310 urbe
581 2271 748 2321 lapidem
771 2271 888 2310 fluvio
914 2271 1042 2311 Tiberi
1071 2271 1299 2310 inaedificata
1321 2271 1457 2310 fuerat.

317 2335 548 2376 XXXVIII.
586 2335 729 2375 Ramus
761 2335 899 2384 etiam,
929 2347 1163 2385 quamquam
1197 2336 1247 2373 ita
1272 2334 1438 2373 crescere
1466 2332 1544 2372 lau·

314 2453 335 2496 ξ
361 2453 514 2485 XXXVI.
548 2452 636 2486 plut
665 2453 809 2498 Appian
834 2454 914 2487 Dio.
938 2454 1158 2500 §xxxvst
1184 2454 1432 2497 Pun.15,30.
1463 2451 1548 2484 Sue·

268 2499 634 2533 ton.in(}.ilbc..1
