1617 2963
272 200 330 248 32
438 185 526 231 ΒΟ,
563 181 1060 228 FREINSHEMII
1101 180 1461 229 SUPPLEM,

269 300 352 332 tatu
387 290 557 341 Pompeji
576 289 664 327 litus
698 287 867 326 obeunte
890 287 989 338 capti
1022 295 1088 326 aut
1110 288 1301 327 interemti
1331 288 1427 328 sunt.
1462 289 1554 329 Pam.

272 355 307 392 ci
336 353 385 392 ad
409 350 601 392 Cornificii
626 349 742 388 castra
773 357 1047 399 penetrarunt,
1075 363 1096 389 a
1118 349 1294 388 velitibus
1323 352 1403 399 ejus
1432 351 1554 390 dedu-2

271 416 320 455 cii
339 428 348 454 ε
376 427 462 453 narn
484 424 635 462 gravem
657 419 887 451 armaturam
908 411 1072 450 educere
1095 411 1268 451 adversus
1291 412 1480 463 legiones,
1502 413 1554 451 vi-

270 478 390 516 ctoria
414 475 566 513 suorum
591 473 756 521 alacres,
775 473 932 512 minime
955 473 1220 523 tempestivum
1236 474 1445 522 judicabat.
1471 472 1555 523 lpse

275 535 421 581 Caesar,
449 535 487 572 in
528 533 689 572 multam
726 536 879 572 noctem
910 535 1100 582 jamnis,
1137 537 1172 574 δε
1201 535 1320 574 animi
1342 536 1552 586 pendens,

271 607 459 634 utrumne
483 596 757 643 Cornificium,
783 608 830 634 an
858 608 947 634 vero
973 595 1188 636 Messallam
1220 598 1299 648 peti
1331 605 1526 648 oporteret
1544 626 1558 645 ‚

271 659 374 700 bona
405 658 570 707 quadam
599 657 754 696 fortuna
776 657 841 697 sub
872 667 1025 707 portum
1052 658 1230 707 Ahalam,
1256 671 1347 698 cum
1370 672 1448 698 uno
1473 668 1562 700 tan-v

269 731 355 760 tum
388 718 548 758 satellite
581 718 729 757 delatus
764 718 828 757 est.
876 732 988 769 quern
1023 732 1044 758 a
1077 721 1273 761 montibus
1309 722 1555 760 decurrentes

271 783 431 834 quidam
463 790 697 831 exceptum,
730 783 766 821 δι
797 782 835 819 in
867 784 1033 822 acatium
1069 796 1116 822 ex
1147 784 1269 822 acatio
1303 784 1556 832 translatum,

273 857 351 893 quo
369 842 495 882 minus
520 840 755 891 deprehendi
780 841 826 880 ab
853 841 1022 881 hostibus
1045 842 1188 892 posset,
1215 844 1344 883 animo
1364 846 1398 884 ἃ
1420 856 1558 894 corpo-

271 917 314 942 τε
340 915 499 952 aegrum,
527 901 574 940 ad
614 900 795 940 meffallae
826 901 942 940 castra
970 902 1231 951 deportarunt.

328 965 416 1004 XV.
448 964 531 1009 Nec
556 962 764 1012 quidquam
798 960 933 1000 habuit
965 963 1179 1012 antiquiuS,
1210 976 1346 1013 quam,
1375 963 1481 1003 missa
1507 964 1560 1003 ad

274 1025 525 1067 Cornificium
545 1023 770 1071 Liburnica,
798 1023 1007 1073 significare
1022 1024 1293 1077 sal1ctemsu.zm
1307 1056 1319 1073 ‚
1335 1025 1372 1063 δ’
1389 1038 1560 1064 maturum

273 1089 451 1128 auxilium
487 1086 680 1136 polliceri;
712 1085 811 1124 milit
847 1086 963 1125 etiam
1008 1088 1155 1125 circum
1191 1088 1341 1146 vicinos
1380 1097 1560 1135 montes,

277 1150 464 1199 Cornificio
491 1147 626 1196 jubens
653 1148 850 1199 opitulari,
880 1160 1046 1200 quotquot
1066 1147 1211 1201 poffine.
1244 1148 1386 1188 Curato
1420 1149 1561 1188 deinde

275 1224 458 1261 corpore,
492 1210 573 1259 post
607 1209 800 1248 modicam
834 1210 1028 1259 quietem,
1060 1210 1110 1249 ad
1150 1209 1380 1250 Columnam
1413 1211 1564 1262 Rhegi-

276 1285 368 1312 nam
394 1271 587 1322 profectus
613 1271 684 1317 est,
710 1271 926 1309 deducente
964 1270 1162 1317 Messalla,
1189 1271 1257 1310 ubi
1286 1272 1439 1311 Carinas
1470 1284 1561 1311 cum

276 1333 399 1373 tribus
420 1332 637 1382 legionibus
663 1331 900 1378 constiterat,
931 1330 1028 1379 juss'u
1056 1331 1208 1370 Caesaris
1233 1334 1274 1371 in
1294 1332 1463 1372 Siciliam
1487 1341 1563 1371 tra·-

276 1398 455 1446 jecturus.
490 1397 537 1434 At
574 1403 656 1433 tum
698 1394 874 1444 Liparam
908 1394 1115 1444 praemiffus
1145 1395 1198 1434 est
1232 1409 1253 1434 a
1285 1394 1430 1435 Caesare
1467 1407 1561 1434 mox

274 1458 466 1497 secuturo.
495 1456 570 1496 Sed
612 1455 712 1494 hanc
744 1456 860 1494 animi
897 1457 1150 1506 agitationem
1183 1456 1378 1499 consolata
1411 1456 1463 1495 est
1503 1467 1562 1494 res

274 1532 393 1570 parva
423 1519 550 1566 dictu,
577 1517 645 1556 nifi
670 1516 930 1566 superstitione
954 1518 1172 1556 inflaretur:
1193 1517 1305 1568 piscis
1331 1531 1352 1557 e
1373 1519 1467 1557 mari
1494 1530 1562 1556 ex-

277 1581 403 1621 filiens
431 1581 480 1618 ad
525 1579 643 1630 pedes
674 1579 904 1618 ambulantis
937 1579 975 1617 se
1016 1579 1169 1627 abjecit.
1217 1580 1303 1619 Hoc
1334 1587 1563 1630 argumento

278 1642 570 1693 spoponderunt
600 1649 729 1687 vates,
755 1642 819 1692 sub
854 1641 1001 1692 pedibus
1033 1639 1178 1691 Caesaris
1203 1639 1369 1692 ficturos,
1397 1642 1456 1692 qui
1490 1654 1562 1678 tum

280 1717 430 1744 tenerent
459 1705 584 1744 maria.
620 1704 768 1743 Idcirco
796 1705 875 1752 jam
907 1700 1145 1751 tranquillior
1185 1702 1314 1741 animo
1347 1701 1486 1752 scripsit
1511 1701 1563 1740 ad

280 1769 493 1816 Agrippam
508 1796 520 1813 ,
541 1778 579 1804 ut
594 1796 606 1812 ‚
629 1767 679 1802 ad
691 1765 907 1802 eximendum
932 1762 1085 1815 periculo
1110 1763 1351 1812 Cornificium,
1378 1764 1564 1816 expeditas

280 1827 403 1878 copias
429 1828 513 1863 duce
553 1825 704 1864 Laronio
733 1825 886 1862 mitteret.
921 1822 1177 1862 Maecenatem
1206 1824 1341 1862 iterum
1372 1823 1564 1875 ablegavit

282 1886 470 1927 Romam:
496 1895 610 1936 atque
635 1887 664 1924 is
691 1893 886 1934 correptos
909 1884 1053 1934 aliquot
1079 1897 1265 1924 novarum
1289 1898 1416 1924 rerum
1438 1886 1566 1925 audic-

282 1961 341 1987 1es
374 1947 561 1998 supplicio
594 1946 722 1986 affecit
746 1945 910 1999 publice.

362 2010 468 2050 XVI.
507 2009 679 2049 Messalla
712 2007 888 2048 Puteolos
930 2008 1143 2057 navigavit,
1180 2015 1221 2046 ut
1255 2007 1450 2057 legionem
1484 2021 1566 2058 pri-

284 2083 391 2111 mam
418 2084 439 2109 a
463 2071 615 2110 Vibone
650 2071 884 2117 adduceret,
904 2069 1091 2119 praeclarae
1123 2069 1214 2109 fidei
1245 2069 1453 2120 specimine
1484 2071 1565 2109 edi-

284 2140 352 2172 to:
374 2145 445 2172 nec
469 2133 572 2172 enim
598 2134 703 2172 omni
733 2146 809 2183 ope
834 2133 1002 2172 humana
1032 2133 1249 2173 destitutum
1276 2134 1487 2173 interficere
1509 2147 1568 2173 ar.

285 2195 407 2234 duum
444 2194 596 2242 fuisset,
631 2196 655 2233 si
695 2195 991 2245 proscriptorem
1025 2193 1132 2234 suum
1172 2197 1321 2246 potius,
1353 2209 1469 2246 quam
1494 2197 1566 2235 im-

283 2266 522 2308 peratorem,
549 2261 719 2308 cogitare
744 2257 943 2297 maluisset.
978 2257 1132 2297 Interim
1162 2259 1201 2297 in
1227 2272 1367 2309 magno
1394 2258 1567 2309 periculo

287 2331 377 2359 cum
403 2321 583 2372 expositis
612 2320 799 2360 militibus
826 2320 1053 2360 Cornificius
1087 2319 1316 2360 versabatur.
1349 2321 1473 2361 Armis
1498 2332 1567 2360 ca-

313 2473 320 2480 ·
336 2431 359 2473 5
382 2430 475 2467 XIV.
499 2429 574 2465 L'w.
603 2431 694 2475 Epit.
716 2431 796 2466 Dio.
818 2430 963 2476 Appian.
993 2430 1013 2476 §
1039 2430 1115 2467 XV„
1141 2430 1221 2466 Dio.
1245 2431 1331 2466 pun.
1354 2431 1393 2472 6,
1420 2440 1473 2473 19.
1492 2431 1565 2475 Ap-

288 2484 379 2516 pian-
