1617 2963
247 197 341 258 3⁴0⁶
409 189 1449 240 JO.FRE1NSHEM115UPPLEM.

245 306 353 351 parte
383 297 506 338 Ponti.
547 297 641 337 Suas
658 295 750 335 item
775 296 991 346 provincias
1016 308 1036 335 a
1059 295 1096 344 se
1120 311 1196 337 uno
1224 297 1380 338 delec‘tis
1403 297 1528 336 tradi·

245 362 306 401 dit
337 358 484 407 Caesar,
510 356 770 407 appellarique
793 356 962 408 legatos,
990 357 1130 396 etiamsi
1159 358 1258 397 sorte
1284 357 1524 402 consulatum

249 421 465 473 gestissent,
500 420 634 458 voluit.
679 419 750 460 His
784 432 866 458 non
894 419 1098 469 temporis,
1125 419 1190 458 sed
1223 404 1429 459 voluntatis
1454 417 1528 459 suae

244 486 365 526 modo
398 452 557 523 finiebat
587 481 709 523 Caesar
736 483 1182 552 potestate1n‚militari
1210 483 1345 525 habitu
1375 484 1527 523 cinctu-

245 561 319 598 que
355 545 659 598 conspiciendis,
696 553 737 583 ut
774 544 911 599 quibus
940 545 982 583 in
1017 545 1158 584 milites
1181 544 1528 585 animadvertendi

241 606 460 647 concessum
485 609 553 655 jus
571 604 694 645 effet:
722 605 763 644 id
796 607 901 647 enim
928 606 1012 654 ejus
1038 598 1233 657 potestatis
1267 606 1412 660 insigne
1447 605 1526 654 est,

238 681 313 708 nec
344 668 391 707 ab
425 667 506 707 aliis
534 666 741 717 usurpatur.

246 782 250 785 ,
294 732 442 772 XCIX.
465 732 584 788 Senos
611 741 739 770 autem
755 729 907 770 lietores
932 729 1154 782 habebant,
1174 740 1373 783 quotquot
1390 733 1525 773 eurum

239 808 319 835 non
342 785 463 833 essent
489 792 689 832 consulatu
719 793 863 841 funfti,
894 802 1010 843 atque
1038 794 1131 834 hinc
1156 797 1211 835 eis
1240 797 1344 846 apud
1373 797 1527 843 Graecos

238 870 385 897 nomen
418 856 504 894 fuit.
545 856 654 904 Saepe
688 866 817 893 autem
849 855 1021 903 accidit,
1058 865 1102 895 ut
1138 857 1335 897 voluntate
1373 857 1526 898 Caesaris

240 920 359 958 etiam
381 916 568 956 consules
605 914 860 965 praetoresque
891 917 931 954 in
962 916 1179 967 magistratu
1209 917 1274 956 suo
1308 918 1536 968 provincias-

240 981 461 1020 obtinerent
510 978 629 1018 Idem
638 985 768 1015 tamen
802 980 932 1023 auc'tor
957 977 1033 1016 fuit
1058 977 1238 1027 instituti,
1261 992 1309 1018 ne
1337 979 1526 1030 magistra-

238 1055 327 1090 tus,
364 1041 536 1089 deposito
575 1040 752 1088 honore,
785 1039 909 1098 statim
941 1040 995 1079 in
1006 1043 1224 1091 provincias
1256 1043 1522 1091 mitterentur3

235 1103 303 1145 sed
326 1103 634 1157 quinquennium
657 1101 791 1140 saltem
812 1102 1129 1159 interponeretur.
1152 1103 1198 1144 Et
1212 1104 1324 1143 initio
1341 1106 1522 1157 quidem,

239 1179 470 1218 quamquam
508 1164 634 1213 plures
661 1163 777 1202 essent
799 1165 1030 1214 provinciis,
1055 1173 1184 1206 tamen
1211 1180 1345 1206 omnes
1370 1168 1419 1208 ad
1448 1168 1522 1207 sor-

235 1230 415 1269 tiendum
444 1227 782 1268 admittebantur:
828 1224 956 1279 postea
992 1237 1146 1279 propter
1179 1231 1420 1282 quorundam
1454 1231 1521 1273 de-

236 1290 355 1339 licta,
390 1289 511 1330 Caesar
543 1303 627 1330 eam
659 1303 813 1340 quoque
841 1303 919 1329 rem
953 1282 1023 1329 iuae
1053 1292 1246 1340 potestatis
1275 1281 1520 1333 steithacte

235 1366 332 1400 nus,
358 1361 400 1390 ut
429 1364 475 1392 ex
505 1352 611 1390 omni
634 1364 795 1390 numero
817 1352 980 1390 totidem
1006 1353 1212 1402 eximeret,
1233 1362 1327 1404 quot
1356 1357 1521 1408 provin-

238 1416 385 1453 ciarum
409 1412 525 1452 sortes
552 1422 683 1459 erant,
710 1413 846 1467 eosque
871 1412 992 1452 sortiri
1017 1413 1115 1454 solos
1138 1414 1310 1469 juberet.
1331 1416 1461 1456 Postea
1484 1420 1520 1457 Sc

233 1475 300 1514 hic
330 1487 413 1513 mos
446 1473 629 1521 inolevit,
662 1482 706 1512 ut
737 1474 927 1522 ejusmodi
959 1476 1174 1524 provincias
1206 1475 1325 1532 ngsdr
1353 1479 1415 1516 cui
1440 1477 1519 1517 v-el

232 1538 290 1578 let
318 1538 446 1584 d,aret
476 1539 511 1577 ἃ
537 1549 650 1587 quarn
675 1535 792 1574 vellet
821 1535 896 1575 diu.
928 1535 1020 1587 quin
1051 1538 1087 1576 &
1114 1537 1305 1594 equitibus
1331 1537 1518 1578 Romanis

235 1601 475 1652 quarundam
502 1599 675 1650 gentium
703 1597 908 1648 aliquando
949 1599 1146 1639 commissa
1180 1611 1273 1638 cura
1283 1599 1381 1651 fuit.
1423 1593 1529 1654 Haeds

231 1665 345 1715 igitur
371 1673 451 1702 tum
486 1661 576 1701 sunt
611 1661 822 1719 constituta
840 1660 940 1700 circa
969 1661 1138 1701 officium
1154 1661 1404 1712 senatorum,
1433 1664 1515 1714 qui·

231 1725 304 1766 bus
335 1726 374 1764 in
404 1722 660 1773 provinciales
696 1722 867 1779 capitalis
896 1727 1020 1773 poe'nae
1048 1723 1212 1773 potestas
1241 1734 1332 1763 erat.

287 1787 329 1827 C.
346 1781 602 1826 mittebantur
624 1784 725 1823 enirn
749 1787 784 1824 Sc
806 1780 869 1824 alii
890 1787 928 1823 in
950 1785 1080 1836 populi
1102 1786 1261 1836 quidem
1283 1788 1516 1839 provincias,

233 1851 371 1902 quibus
398 1850 438 1889 id
460 1849 554 1898 juris
581 1846 659 1887 non
681 1849 869 1902 esset,lex
895 1841 1137 1900 quaestoribus
1171 1849 1269 1889 sorte
1292 1851 1420 1901 ducti,
1446 1862 1514 1892 aut

230 1911 508 1964 proconsulum
535 1911 672 1961 legati,
699 1923 795 1960 quos
810 1914 958 1967 4re'ctius
979 1912 1188 1962 confiliarios
1214 1911 1262 1950 ab
1287 1923 1511 1963 argumento

231 1976 442 2015 vocaveris,
470 1974 552 2013 Hos
575 1982 703 2011 autem
726 1972 793 2011 fibi
821 1972 977 2023 quisque
995 1973 1213 2023 deligebat:
1238 1976 1406 2024 praetorii
1431 1976 1514 2026 qui.

232 2037 322 2077 dem
349 2035 511 2086 singulos
533 2034 687 2084 aequalis
714 2034 933 2084 dignitatis,
951 2044 1017 2073 aut
1040 2035 1228 2074 inferioris
1253 2038 1393 2084 etiarn,
1421 2048 1511 2074 con-

229 2098 371 2139 sulares
406 2111 495 2136 vero
523 2107 651 2135 ternos
679 2095 849 2144 ejusdem
874 2095 976 2142 loci,
1010 2109 1106 2146 quos
1135 2096 1343 2147 imperator
1377 2097 1514 2148 ptob‘a·

232 2160 351 2200 viffet.
386 2160 461 2201 Sed
494 2161 528 2199 ἂ
554 2160 605 2210 in-
625 2158 776 2198 Caesaris
808 2159 1048 2209 provincias,
1075 2160 1116 2199 in
1145 2160 1281 2209 quibus
1316 2159 1400 2210 plus
1439 2170 1514 2199 una

232 2222 385 2274 legione
412 2220 524 2267 esset,
553 2220 742 2259 senatores
777 2220 1054 2268 mittebantur,
1087 2233 1184 2270 quos
1215 2219 1359 2270 legatos
1392 2219 1513 2271 legio-

230 2296 326 2323 num
353 2280 609 2333 appellabant.
643 2281 713 2320 hos
741 2281 934 2332 deligebat
958 2281 1035 2331 ipse
1057 2294 1103 2320 ex
1128 2280 1310 2331 praetoriis
1339 2280 1514 2331 plerum-

162 2333 167 2343 ’
232 2357 330 2396 que3
357 2355 634 2393 nonnunquam
670 2343 886 2393 quaestorios
919 2344 1059 2391 etiam,
1091 2352 1157 2382 aut
1184 2343 1259 2382 alio
1293 2343 1509 2383 mediorum

277 2469 300 2513 §
324 2469 480 2501 XCVIII.
502 2468 543 2501 L.
569 2480 597 2500 ι
621 2468 671 2500 de
692 2467 933 2504 off.Procons.
962 2467 1226 2511 Dio.5trab.1.
1258 2477 1307 2510 17.
1340 2463 1509 2512 §xcuss

233 2513 376 2549 Sueton.
402 2515 436 2547 in
460 2514 549 2559 Aug
569 2524 598 2547 c.
620 2513 672 2557 3⁶·
697 2513 780 2549 Dio.
