1617 2963
166 145 291 205 „IN
334 145 508 192 LOC.
543 143 677 190 LIB.
718 142 953 190 CXXXV
994 143 1123 189 LIV.
1243 161 1338 203 219

17 303 20 305 ,
57 252 239 305 Hispania
265 266 298 294 a.
325 253 361 293 d.
386 251 470 291 Vll.
492 249 575 291 Kal.
600 249 707 289 Febr.
729 249 992 300 triumphavit.
1022 249 1099 290 Sub
1114 249 1217 289 idem
1245 256 1344 288 temo

56 327 129 366 pus
152 314 285 354 clausae
315 326 436 363 nuper
456 312 541 361 Jani
565 322 681 361 portae
708 311 835 349 denuo
858 320 1073 360 patuerunt.
1107 311 1336 359 Britannos,

57 374 234 426 promissa
266 387 344 414 non
371 374 581 418 servantes,
612 371 712 411 bello
740 379 866 420 petere
893 373 1076 423 Augustus
1115 372 1342 418 destinarat,

56 438 120 477 sed
154 437 381 487 praepeditus
415 434 670 482 Salafforum,
708 433 1065 485 Cantabrorumque
1105 437 1141 475 ἃ
1170 435 1345 475 Asturum

57 499 285 547 rebellione,
320 500 367 538 ad
394 497 463 537 hos
493 498 595 548 prius
629 495 829 546 pacandos
865 494 1018 534 conlilia
1048 497 1249 536 convertit.
1272 497 1349 546 Igi-

61 573 121 601 tur
148 574 251 600 nono
285 559 506 605 consulatu,
538 559 644 606 cujus
685 556 873 606 collegam
907 556 963 595 Ν.
989 556 1146 603 Junium
1174 555 1349 597 Silanum

62 624 220 671 habuit,
253 623 367 662 etiam
398 622 615 660 Tarracone
643 618 763 664 inito,
803 616 879 667 ipse
908 615 1099 666 Hispanos
1133 618 1349 658 domiturus

59 685 199 736 Alpina
223 684 322 724 bella
342 682 524 724 Terentio
550 681 708 719 Varroni
738 681 909 720 Murenae
934 679 1189 720 demandavit.
1218 679 1351 720 Salaffi.

61 760 184 797 nuper
210 744 359 785 Gallico
400 743 501 783 bello
536 743 590 782 M.
623 740 833 788 Messallae,
856 739 972 779 castra
1003 741 1230 791 propinquis
1256 740 1354 780 locis

62 808 219 849 habenti
236 839 246 857 ‚
262 806 363 858 ligna
378 807 426 846 ad
457 806 613 853 focum,
634 807 670 845 ἂ
696 803 844 843 hastilia
864 804 912 843 ad
936 802 1353 852 exercitationesjnon

61 869 128 908 nisi
153 869 275 920 pretio
315 878 476 918 accepto
507 867 719 914 dederant3
756 868 791 905 ὃς
823 878 943 915 nuper
975 877 1040 914 per
1068 864 1353 904 fimulationem

62 933 236 978 viarum,
264 938 329 970 aut
359 931 538 981 pontium
574 929 895 977 reficiendorum,
931 940 1019 966 cum
1049 927 1197 977 magnis
1229 928 1353 977 copiis

62 997 153 1045 juga
183 995 376 1032 montium
400 993 629 1039 insidentes,
658 991 752 1029 saxis
782 990 820 1028 in
849 990 1020 1039 subjecta
1052 988 1267 1038 devolutis,
1291 1001 1355 1039 pe..

65 1057 244 1104 cuniam,
278 1069 360 1105 quae
391 1055 440 1094 ad
475 1054 659 1094 Caesarem
695 1052 940 1104 portabatur,
969 1053 1259 1102 interceperant.

120 1118 191 1159 IX.
221 1118 304 1159 Hos
334 1118 450 1168 igitur
475 1109 601 1156 divisis
633 1115 753 1165 copiis
781 1115 896 1153 Varro
918 1143 928 1162 ‚
949 1127 1026 1164 quo
1059 1114 1232 1164 pluribus
1258 1113 1354 1151 locis

68 1179 254 1218 invadens
290 1177 532 1225 distraheret,
572 1177 676 1216 haud
720 1175 925 1215 difficulter
969 1187 1113 1225 paucos
1152 1175 1354 1213 numeroso

68 1241 283 1281 succinctus
327 1240 494 1279 exercitu
528 1238 730 1289 superavit.
775 1238 912 1277 Pacem
956 1237 1098 1275 deinde
1138 1236 1357 1285 petentibus

69 1316 158 1342 cum
201 1312 343 1342 certam
387 1303 593 1353 pecuniam
630 1300 865 1351 imperasset,
902 1309 1084 1350 tanquam
1124 1300 1219 1339 nibil
1261 1300 1359 1339 ultra

72 1365 254 1417 passuris3
284 1365 423 1405 dimisit
451 1378 517 1416 per
547 1364 699 1403 causam
731 1363 913 1414 exigendi
949 1361 1116 1409 milites,
1143 1363 1359 1413 comprehen-

69 1431 183 1479 dique
206 1440 346 1477 omnes,
370 1431 404 1468 δ’
426 1429 555 1467 adduci
583 1427 828 1480 Eporaediam‚
851 1425 967 1474 juffit.
993 1424 1052 1463 Ibi
1076 1423 1143 1462 sub
1169 1423 1271 1462 hasta
1296 1435 1362 1462 ve-

69 1492 223 1532 nierunt
255 1493 380 1530 omnis
404 1491 525 1530 aetatis
565 1488 748 1538 sexusque
775 1487 895 1526 millia
916 1486 978 1526 sex
1008 1488 1043 1526 <St
1067 1485 1243 1536 triginta3
1268 1497 1363 1534 prae.

67 1563 170 1597 terea
202 1554 406 1592 hominum
446 1551 548 1592 bello
583 1558 761 1601 aptorum
792 1550 878 1588 ocio
914 1546 1057 1593 millia,
1085 1545 1170 1596 lege
1199 1545 1359 1593 addita,

70 1631 113 1655 ne
138 1627 201 1653 aut
227 1615 264 1653 in
289 1614 410 1652 vicina
437 1614 573 1665 regione
595 1612 784 1665 servirent,
808 1622 871 1648 aut
895 1609 1087 1659 vicesimum
1109 1608 1202 1644 intra
1229 1620 1359 1644 annum

70 1676 401 1716 manumitterentur.
455 1675 511 1714 Ita
553 1673 780 1724 perdomitis
821 1672 980 1711 tandem
1021 1669 1192 1717 Salaffis,
1231 1670 1363 1719 Augu-

71 1738 147 1777 stus
165 1737 234 1776 tria
258 1735 486 1776 colonorum
509 1734 629 1774 millia
644 1766 654 1783 ‚
669 1735 840 1773 maxime
859 1745 905 1772 ex
929 1731 1112 1782 praetoriis
1137 1730 1363 1769 cohortibus

17 1793 20 1797 ’
72 1799 113 1837 in
138 1799 325 1849 optimam
348 1799 432 1847 ejus
456 1798 535 1848 agri
562 1805 708 1846 partem
734 1796 857 1843 misit3
890 1796 952 1842 ὁὶ,
973 1807 1039 1846 quo
1062 1792 1137 1832 loco
1161 1794 1271 1845 castra
1298 1794 1361 1830 lza-

76 1862 197 1899 buerat
233 1861 369 1907 Varro,
401 1861 506 1898 condi
547 1860 735 1912 oppidum,
770 1860 806 1897 ἃ
839 1857 976 1904 muris,
1005 1865 1191 1905 quatenus
1229 1861 1366 1893 natura

75 1921 253 1961 locorum
286 1920 520 1972 patiebatur,
548 1920 675 1958 muniri
710 1918 824 1968 juffit.
871 1918 1034 1970 Augusta
1072 1915 1365 1955 Praetorianorum

77 1982 277 2033 appellata.
307 1981 508 2023 Difficilior
546 1980 722 2021 adversus
750 1980 964 2020 Cantabros
998 1977 1217 2028 Asturesque
1251 1976 1361 2016 labor

78 2046 243 2096 Augusto
266 2045 464 2094 fuitstum
492 2043 613 2094 asperi
635 2043 833 2090 homines,
853 2044 887 2082 Gt
912 2041 991 2092 pari
1017 2040 1085 2079 {itu
1112 2039 1273 2085 defensi,
1289 2051 1361 2077 nec

79 2120 215 2159 pacem
238 2107 560 2158 amplecterentur
575 2138 590 2155 ‚
614 2119 687 2145 nec
715 2107 757 2145 in
781 2104 985 2144 discrimen
1009 2115 1147 2154 pugnae
1171 2101 1207 2140 se
1231 2102 1365 2141 darent

81 2169 259 2210 adversus
282 2169 523 2209 validiorem.

135 2231 188 2271 X.
219 2230 496 2271 Cantabrorum
533 2230 723 2280 praecipua
757 2226 999 2267 contumacia
1032 2226 1131 2265 fuit:
1158 2225 1223 2275 qui
1249 2223 1362 2262 liber-

81 2299 202 2332 tatem
238 2291 418 2342 usurpare
447 2304 526 2330 non
572 2291 772 2339 contenti,
808 2290 960 2340 quoties
1003 2288 1198 2329 Romanus
1233 2294 1360 2325 metus

130 2409 152 2453 §
176 2409 268 2442 VIII.
287 2409 368 2442 Fasti
396 2408 546 2452 Capitol.
575 2409 716 2441 Sucron.
740 2407 773 2439 In
795 2406 1015 2443 A110.c.26
1038 2407 1146 2438 Strab
1169 2406 1191 2437 1.
1216 2416 1248 2448 4,
1275 2403 1357 2439 Die

89 2446 190 2498 5ΪΧ.
211 2454 292 2490 Dio.
314 2454 423 2492 Strab.
448 2453 591 2491 Sueton.
614 2453 649 2489 in
666 2453 752 2498 Aug
780 2464 807 2488 c.
832 2446 902 2488 2&
925 2462 979 2493 24
997 2451 1069 2484 Liv.
1088 2450 1181 2494 Epit.
