1617 2963
197 188 276 234 IN
321 187 492 234 LOC.
529 190 665 234 LIB.
703 187 948 234 CXXXHI
997 187 1149 232 LIV„
1230 201 1330 244 ⁷153

125 291 324 336 LXXVII.
357 296 502 335 Eodem
525 307 625 333 anno
654 295 694 334 L,
721 295 894 335 Statilius
923 294 1072 334 Taurus
1097 290 1339 342 amphithea-

64 361 164 394 trum
197 357 237 395 in
271 357 417 407 Campo
453 356 527 396 suis
557 357 731 406 impensis
759 356 941 406 perfecit,
979 356 1079 396 &in
1118 355 1199 403 ejus
1232 352 1339 392 dedi-

64 417 216 457 catione
251 432 390 457 munus
429 417 696 469 gladiatorium
733 417 934 458 exhibuit:
974 429 1118 456 novum
1151 415 1243 455 inde
1268 413 1339 452 ho-

63 491 197 519 norem
225 479 423 530 plebiscito
454 481 633 531 adeptus,
659 491 703 517 ut.
724 480 912 531 quotannis
934 492 1087 531 praeturae
1113 478 1344 516 candidatum.

64 555 189 588 anum,
208 544 284 594 fine
309 544 445 596 repulsa
474 541 953 591 creandun1,commendaret.
987 539 1171 579 Kalendis
1200 537 1340 578 deinde.

61 600 266 651 Januariis,
291 606 428 655 quibus
458 604 579 644 Caesar
606 602 706 644 Sami
733 602 908 652 quintum
936 600 1084 647 consul,
1107 601 1236 640 Romae
1254 600 1338 638 Sex.

65 664 248 714 Apulejus
277 667 360 706 Sex.
391 666 430 705 F.
459 667 650 714 inierunt,
678 665 715 701 in
736 665 818 712 ejus
847 664 928 701 ac'ta
962 663 1155 710 juratum:
1185 663 1219 701 ἃ
1245 673 1343 710 quo-

63 727 166 765 niam
193 727 240 766 de
262 728 372 767 rebus
396 728 578 768 Parthicis
598 727 713 766 literae
742 725 790 765 ab
818 738 864 763 eo
891 733 1095 771 venerant,
1122 724 1342 772 decretum,

65 799 103 826 ut
131 789 221 829 inter
251 792 393 830 nomina
427 793 579 830 Deorum
611 791 750 828 Saliari
780 789 926 828 carmine
965 788 1206 825 celebraretur:
1232 785 1344 823 tribus

65 865 110 889 ex
143 851 218 903 ejus
246 854 417 892 vocabulo
442 855 543 903 fieret
580 854 707 894 Julia:
735 854 918 891 coronatus
943 851 1109 902 speHaret
1141 849 1267 885 ludos:
1286 848 1344 899 se·-

63 924 227 962 natores,
253 915 378 967 quibus
407 915 628 968 adjutoribus
663 915 786 953 bellum
814 911 1030 963 consecff’2‚
1061 924 1192 949 currum
1226 909 1346 946 trium·

59 973 207 1025 phantt‘s
228 977 426 1026 praetextati
452 978 692 1030 ftquerentur:
717 976 774 1013 die
801 974 967 1012 introitus
987 973 1066 1026 ejus
1091 971 1245 1025 populus
1267 972 1344 1008 Ro-

0 1072 11 1081 „
65 1049 189 1080 ,manus
214 1039 456 1091 fizcrificaret‚
486 1054 591 1091 eaque
615 1040 770 1091 deinceps
807 1037 998 1090 quotannis
1018 1035 1109 1090 flsta
1143 1033 1250 1086 effet:
1276 1033 1339 1084 [ῖ-

7 1107 12 1110 “
66 1099 235 1137 cerdotum
275 1101 392 1139 omnia
432 1102 603 1155 collegia,
641 1116 737 1154 quem
777 1103 826 1140 ad
861 1113 1034 1139 numerum
1075 1099 1106 1136 ei
1149 1098 1344 1145 videretur,

66 1172 215 1211 augeret.

120 1220 338 1261 LXXVIII.
375 1222 468 1262 Haec
503 1221 633 1272 paucis
662 1221 832 1272 exceptis
866 1220 1016 1261 admisit
1052 1218 1197 1267 Caefar‚
1229 1217 1346 1257 sacer-

69 1281 186 1324 dotiis
216 1284 372 1334 quidem
411 1282 706 1334 intemperanter
734 1286 870 1325 dandis
895 1299 940 1324 eo
966 1286 1192 1336 provestus,
1228 1291 1270 1321 ut
1297 1282 1346 1320 de

67 1356 229 1384 numero
268 1345 421 1387 illorum
467 1348 677 1398 quidquam
717 1348 859 1387 exinde
897 1349 990 1386 certi
1030 1354 1199 1402 nequeat
1234 1357 1348 1394 repe-

12 1434 16 1437 <
63 1406 152 1446 riri:
181 1409 300 1448 unum
328 1410 454 1460 palam
475 1410 638 1459 remisit,
664 1420 704 1450 ut
724 1411 882 1450 universi
910 1410 977 1449 fibi
998 1410 1154 1449 obviam
1184 1407 1343 1448 exirent.

70 1467 255 1510 Omnium
283 1481 413 1512 autem
448 1473 657 1512 maximam
688 1472 858 1512 laetitiam
889 1473 923 1512 ei
961 1472 1037 1510 duo
1073 1469 1169 1509 haec
1204 1468 1349 1507 attule-

69 1539 180 1578 runt,
196 1534 290 1583 quod
301 1534 342 1571 de
357 1534 452 1573 Iano
471 1534 680 1582 claudendo,
700 1534 735 1572 δ’
745 1534 879 1587 salutis
898 1534 1044 1585 augurio
1062 1533 1239 1583 repetendo
1254 1561 1265 1579 ,
1282 1531 1347 1569 de-

71 1601 218 1631 cretum
249 1603 339 1633 erat.
386 1594 461 1634 hoc
489 1596 591 1634 enim
632 1604 785 1646 propter
821 1593 1004 1633 continua
1034 1591 1134 1631 bella
1159 1588 1348 1629 intermis-

69 1650 152 1690 sum
177 1665 243 1702 per
266 1666 388 1694 annos
423 1666 585 1706 quatuor
608 1658 643 1696 ἃ
673 1655 921 1706 quadraginta
947 1654 1095 1694 fuerat:
1125 1653 1349 1700 Janussstan-

70 1716 273 1754 tummodo
310 1716 365 1756 bis
395 1726 505 1756 antea
534 1717 707 1767 clausus,
733 1719 860 1758 Numa
883 1730 996 1767 rege,
1028 1714 1168 1754 deinde
1196 1714 1345 1753 Punico

69 1778 194 1829 primo
219 1780 388 1830 perfeeto
419 1780 532 1822 bello.
566 1781 667 1821 Tum
692 1794 779 1820 vero
812 1781 1018 1830 imperator
1045 1776 1165 1816 Caesar
1191 1776 1347 1816 tertium

71 1841 229 1892 claufit‚
269 1857 365 1894 pace
389 1852 487 1884 terra
523 1847 696 1896 marique
728 1853 862 1896 parta,
894 1841 1138 1892 conditisque
1170 1840 1347 1879 civilibus

70 1906 214 1953 armis,
248 1906 425 1945 vicesimo
454 1907 653 1957 postquam
676 1915 782 1946 mota
802 1906 952 1945 fuerant
982 1916 1097 1942 anno.
1139 1903 1237 1943 Sane
1264 1910 1347 1941 tum

67 1967 187 2006 etiam
224 1968 278 2006 in·
299 1968 412 2006 armis
439 1967 587 2009 Treviri
616 1980 702 2006 cum
737 1966 933 2008 Germanis
966 1963 1190 2014 quibusdam
1218 1971 1348 2009 erant,

73 2029 110 2068 δεῖ
141 2028 180 2066 in
216 2027 402 2079 Hispania
439 2041 529 2068 cum
566 2028 764 2069 Cantabris
796 2027 1040 2075 Vaccaeisque
1076 2026 1248 2066 Astures:
1282 2023 1347 2063 sed

72 2086 145 2127 hos
171 2088 342 2128 Statilius
369 2089 539 2139 Taurus,
563 2089 649 2129 illos
677 2090 827 2131 Nonius
856 2087 986 2129 Gallus
1012 2089 1114 2127 haud
1147 2087 1233 2126 sane
1263 2099 1351 2125 me·-

74 2151 325 2198 morabilibus
366 2153 511 2203 proeliis
550 2155 794 2193 domuerunt.
829 2152 919 2192 alibi
953 2164 1106 2203 quoque
1138 2150 1351 2189 secundum

74 2214 236 2264 singulas
258 2215 430 2254 nationes
455 2215 730 2255 tumultuatum
745 2215 823 2256 est:
850 2214 915 2254 sed
931 2216 1017 2265 quia
1041 2214 1252 2254 mediocres
1269 2195 1350 2250 nlo-

72 2286 134 2317 tus
164 2283 295 2324 erant,
328 2289 452 2326 neque
479 2278 650 2316 Patribus
679 2290 815 2317 eorum
839 2277 948 2316 causa
977 2276 1119 2316 bellum
1147 2277 1350 2315 decernere

74 2336 196 2378 visum
210 2337 306 2388 fuit,
333 2340 451 2378 etiam
475 2338 634 2378 historiis
658 2338 740 2378 haec
759 2351 891 2389 parum
914 2339 1129 2391 argumenti
1150 2337 1350 2377 dederunt,

124 2455 146 2496 ς
180 2456 349 2488 LXXVII.
380 2456 460 2489 Dio.
486 2458 627 2490 Sueton.
654 2457 689 2489 in
721 2459 808 2501 Aug.
836 2469 866 2491 c.
889 2457 943 2492 26.
971 2456 1080 2488 Tacit.
1115 2455 1137 2498 ς
1168 2452 1352 2488 LXXVHL

78 2499 214 2533 Aristot.
237 2502 334 2545 polit.
356 2513 397 2543 4,
426 2513 474 2542 ¹5·
495 2504 635 2535 sueton.
655 2503 689 2535 in
716 2503 802 2546 Aug.
823 2514 853 2536 c.
878 2511 932 2545 31.
953 2501 1036 2534 Dio,
1062 2500 1150 2535 Plut.
