1617 2963
206 183 289 230 IN
329 182 505 229 Loc,
542 178 676 227 Lrss.
718 177 929 226 cxxix
973 179 1102 226 mv.
1253 189 1316 245 33·

24 289 179 341 {trisque
209 299 336 330 tutum
369 289 489 328 fames
523 286 808 338 oppugnabat:
835 298 908 325 nec
948 287 1098 336 ignarus
1142 287 1223 334 ejus
1258 287 1317 326 rei.

26 352 261 404 Pompejus,
291 359 525 402 provocante
565 349 772 388 Cornificio
795 379 806 397 ‚
847 349 1074 388 detrectavit
1108 360 1317 392 certamen.

28 414 181 458 Idcirco
213 415 375 453 navibus
398 409 584 458 incensis,
611 423 695 460 quae
729 411 829 448 forte
865 409 998 449 delatae
1026 411 1072 449 ad
1102 410 1217 448 castra
1234 412 1319 458 ejus

29 489 52 516 e
76 477 210 527 proelio
236 476 413 522 fuerant,
444 471 572 522 Mylas
598 472 759 510 instituit
786 482 913 521 petere
932 502 942 520 ‚
967 471 1233 512 laceffentibus
1252 485 1321 510 un-

14 538 146 587 ,dique
178 534 432 586 Pompejanis.
473 533 573 572 Nam
605 532 680 571 five
714 544 779 581 per
806 533 1032 582 campestria
1067 533 1155 572 loca
1188 545 1322 583 perge-

29 600 166 647 batur,
206 599 353 648 equites
384 593 635 642 affultabaxit3
672 593 743 633 live
780 606 848 643 per
880 604 1065 634 montana
1101 597 1135 634 ἃ
1167 596 1320 646 aspera,

28 659 400 710 Maurusvjaculator
430 657 613 696 molestus
639 665 732 695 erat.
761 669 833 694 nec
865 657 1010 695 itineris
1037 658 1219 704 facultas,
1246 670 1322 697 nec.

30 737 170 775 pugna»,
196 722 376 769 dabatur3
406 733 496 759 cum
524 719 617 759 levis
639 721 674 758 &
702 719 908 769 expeditus
940 718 1055 758 hostis
1086 719 1325 760 subfistenoes

31 786 248 835 refugeret,
275 783 461 822 abeuntes
488 781 759 831 insequeretur.

83 846 211 886 XVII.
233 846 280 886 Et
303 853 410 884 erant
426 843 682 883 defendendis
708 841 918 881 inermibus
941 843 1140 893 occupati,
1155 857 1252 894 quos
1274 858 1326 885 ex

28 908 240 958 naufragiis
277 907 441 946 servatos
480 907 520 944 in
548 906 731 944 mediums
755 917 893 954 agmen
925 916 1171 955 receperant:
1206 909 1330 946 maxi-

30 985 116 1012 mus
147 981 227 1010 erat
263 972 305 1010 in
333 968 559 1009 fluminibus
600 967 1028 1016 transeundisvmetus,
1066 981 1154 1007 cum
1188 971 1327 1009 divulsi

29 1033 225 1080 invicem,
254 1033 289 1071 ὃς
312 1044 402 1069 cum
434 1042 530 1080 aqua
562 1037 630 1068 aut
665 1027 750 1067 luto
783 1027 969 1067 luctantes
1005 1027 1117 1067 multi
1151 1029 1329 1070 vulnera-

29 1104 174 1134 rentur.
202 1094 396 1134 Triduum
420 1094 516 1131 inter
547 1091 628 1131 haec
659 1091 827 1141 pericula
852 1090 1099 1130 consumtum
1127 1092 1190 1130 est.
1216 1107 1329 1142 quar-

29 1167 70 1198 ta
93 1157 231 1197 deinde
261 1158 342 1197 dies
371 1157 466 1195 certi
494 1155 671 1206 interitus
701 1165 847 1193 metum
879 1154 1020 1194 attulit.
1051 1155 1268 1194 Deventum
1286 1157 1328 1196 in

31 1232 78 1258 ea
103 1218 189 1259 loca
223 1229 327 1266 erat,
352 1231 435 1268 quae
473 1217 661 1268 profluvio
688 1217 884 1266 quondam
915 1215 1147 1256 AEtnaeofflm
1176 1218 1341 1267 igniuns

30 1281 158 1320 exusta
187 1281 361 1327 fuerant,
390 1278 507 1329 usque
541 1280 580 1317 in
605 1291 709 1317 mare
741 1278 1031 1318 decurrentibus
1059 1280 1161 1319 rivis.
1194 1280 1333 1331 Rhyn÷

35 1356 82 1383 ca
110 1342 303 1381 vocabant
329 1340 605 1388 accolae‚.non
634 1340 701 1379 nifi
738 1342 854 1379 noctu
885 1339 1040 1378 transire
1068 1353 1110 1379 ea
1135 1340 1256 1389 soliti,
1274 1342 1331 1380 vi..

32 1406 141 1445 tandi
182 1405 288 1444 aestus
329 1404 460 1454 gratia.
503 1403 579 1443 Sed
617 1402 865 1442 Cornificiani
905 1413 976 1440 nec
1016 1402 1115 1442 inter
1148 1403 1333 1444 tenebras

30 1467 223 1518 suscipere
262 1467 334 1505 iter
380 1473 537 1517 propter
588 1465 843 1515 ignorantiam
883 1463 1059 1504 locorum
1100 1466 1334 1516 audebant;

33 1542 159 1579 neque
185 1528 363 1567 sustinere
400 1527 569 1566 interdiu
602 1536 784 1578 poterant
817 1527 896 1565 vim
926 1525 1116 1576 pulveris,
1146 1541 1221 1578 quo
1249 1528 1331 1568 suf-

30 1590 285 1638 focabantur,
301 1588 568 1636 &fei-vorem,
586 1588 759 1638 plantas,
784 1589 897 1627 nudis
923 1587 1130 1637 praesertim
1159 1590 1328 1639 pedibus

32 1652 327 1698 incedentium,
359 1658 618 1701 perurentem.
652 1655 686 1689 ὅς
711 1659 841 1689 tamen
874 1650 1013 1688 morari
1040 1645 1195 1690 vetabat
1221 1652 1327 1703 fitis,

34 1716 72 1755 ἃ
99 1713 290 1753 hostilium
325 1714 527 1764 copiarum
565 1711 818 1751 formidabiliS
847 1711 1099 1761 conspectus,
1131 1714 1181 1753 ad
1205 1728 1330 1766 angu-

32 1777 145 1826 stias,
175 1790 258 1826 quae
283 1776 482 1826 regionem
516 1774 626 1813 illam
657 1773 868 1813 ambustam
901 1773 1063 1821 finiunt,
1092 1774 1140 1814 ab
1165 1775 1246 1825 ipso
1271 1778 1333 1816 in-

34 1837 147 1877 terim
172 1836 359 1886 Pompejo
388 1835 657 1875 adductarum.

93 1896 238 1938 XVIII.
269 1896 438 1946 Magnus
461 1905 541 1935 erat
564 1897 604 1934 in
626 1895 781 1946 agmine
803 1908 984 1935 numerus
1008 1895 1246 1945 sauciorum,
1264 1899 1334 1947 qui

35 1960 87 2000 ad
109 1959 436 2010 progrediendum
465 1957 650 2005 invalidi,
671 1956 984 1997 commilitonum
1006 1956 1176 1997 humeris
1205 1969 1333 2009 porta-

37 2022 187 2062 bantur.
223 2022 300 2062 Sed
333 2030 416 2060 tum
443 2029 614 2061 extrema
645 2019 858 2069 desperatio
887 2018 1035 2068 coegit,
1061 2018 1117 2058 his
1148 2021 1331 2070 depositis

40 2083 246 2131 oneribus,
276 2097 326 2122 ne
357 2084 413 2123 sui
454 2085 610 2134 quidem
638 2082 715 2120 ulla
747 2084 826 2131 jam
863 2082 1091 2132 parlimonia
1127 2083 1165 2120 in
1206 2082 1331 2122 hostes

38 2145 260 2196 irrumpere.
296 2147 384 2186 Hoc
418 2148 568 2196 impetu
598 2144 735 2195 repulfi
774 2145 997 2195 Pompejani
1031 2145 1174 2194 primos
1204 2145 1332 2185 aditus

41 2199 387 2257 reisqueruntmec
411 2209 500 2248 ideo
526 2210 653 2248 minus
681 2208 761 2248 aliae
791 2208 921 2247 fauces
950 2207 1053 2247 haud
1082 2209 1215 2259 procul
1239 2210 1332 2249 inde

40 2269 365 2310 custodiebantur.
402 2271 555 2311 Idcirco
586 2284 665 2310 non
691 2270 823 2310 labore
856 2280 1004 2310 tantum
1034 2270 1330 2320 vulneribusque

43 2335 80 2374 δε
106 2333 164 2373 siti
186 2332 342 2373 affectos
357 2364 371 2381 ,
393 2334 459 2373 sed
484 2334 600 2373 etiam
622 2334 756 2374 frustra
784 2334 854 2373 niti
879 2344 1151 2381 autumantes,
1182 2335 1246 2374 vix
1265 2346 1330 2373 ex-

45 2507 67 2540 ἦ
99 2452 239 2528 §60XVL
262 2453 338 2487 Liv.
363 2453 456 2497 Epit.
471 2452 555 2487 Dio.
577 2453 724 2500 Appian.
744 2455 766 2500 §
784 2454 893 2493 XVII.
916 2456 1063 2501 Appiam
1087 2456 1169 2491 Dio.
1186 2455 1332 2495 Diodot-

77 2521 88 2540 ‚
154 2522 163 2530 .

111 2545 163 2595 T.
181 2545 300 2593 Lim·
330 2548 432 2614 μοι.
460 2546 580 2595 ΧΗ.
1105 2544 1144 2590 c
