1617 2963
205 203 301 262 '246
366 201 455 251 JO.
491 200 990 252 FREINSHEMII
1027 202 1391 255 SUPPLEM.·

263 310 419 351 XXIX.
459 309 558 349 Nam
594 310 629 347 δι
667 307 964 357 publicanorum
996 311 1132 350 fraude
1159 313 1348 361 coercita,
1378 320 1497 364 pecu-¹

209 370 293 411 nias
319 368 489 419 publicas
515 370 556 407 in
588 368 758 410 aerarium
788 370 944 420 retulit,
975 373 1010 411 ὃς
1051 373 1217 412 comitiis
1243 374 1498 424 quaestorum,

210 442 308 480 quos
334 431 512 480 indignos
535 431 756 480 judicabat,
785 432 954 482 profiteri
982 435 1128 475 vetuit:
1153 436 1189 474 δι
1215 435 1496 484 perseveranti-

211 491 309 539 bus,
338 491 574 532 consularem
605 494 841 540 vindictam,
866 495 891 533 fi
917 497 955 533 in
982 496 1171 546 Campum
1196 497 1498 546 descendissent,

207 553 478 593 interminatus
509 554 569 594 est.
604 554 873 595 Consularibus
894 558 1061 597 comitiis
1084 560 1208 608 major
1229 559 1344 599 etiam
1373 559 1494 599 moles

208 612 310 660 fuit,
341 614 537 663 postquam
571 614 777 665 Augustum
805 615 909 655 nolle
938 617 1043 665 fieri,
1069 627 1150 658 tum
1182 632 1336 669 quoque
1358 631 1496 658 renum

207 673 347 713 tiatum
369 675 433 714 est.
464 676 678 716 Seditiones
706 677 821 716 etiam
841 680 875 719 ἃ
899 680 1024 720 caedes
1046 681 1177 727 faelae,
1199 681 1387 731 praecipua
1409 680 1497 721 Rufi

209 735 361 786 Egnatii
391 737 597 786 violentia,
621 740 685 789 qui
712 739 842 779 favore
870 740 1005 791 populi
1032 742 1236 789 subnixus,
1262 754 1497 792 quamquam

205 807 364 840 vetante
391 800 550 848 Sentio,
575 801 743 851 profiteri
772 801 1036 852 perseveravit.
1071 805 1171 845 Tum
1196 805 1275 855 pari
1303 805 1495 844 veteribus

208 860 431 901 consulibus
465 863 594 902 animo
627 865 765 912 juravit
795 864 973 912 Sentius,
997 868 1036 921 fi
1062 868 1196 918 quidem
1222 866 1406 919 suffragiis
1425 880 1494 917 po-

200 923 282 977 puli
307 923 429 976 consid
445 923 566 977 fizflns
604 925 681 976 fft
715 926 895 977 Egnatius
911 956 921 973 ,
951 942 1022 965 non
1055 929 1342 968 renuntiaturum.
1389 927 1489 968 Cum

202 986 291 1027 finis
322 987 518 1037 pugnandi
546 1001 626 1026 non
653 987 785 1036 fieret,
808 987 958 1027 senatus
988 989 1202 1039 praefidium
1232 988 1379 1028 consuli
1416 989 1489 1028 de-

206 1049 352 1088 crevit:
377 1061 500 1099 eoque
522 1049 766 1099 repudiante,
799 1049 980 1092 miserunt
1016 1051 1066 1090 ad
1088 1050 1294 1101 Augustum
1319 1050 1491 1101 legatos²

203 1110 308 1152 binis
337 1110 478 1150 additis
503 1109 712 1150 lictoribus.

261 1172 395 1212 XXX.
425 1171 521 1220 Ille,
555 1172 755 1222 superioris
790 1174 879 1213 anni
911 1173 1068 1214 consilio
1110 1187 1190 1215 non
1229 1173 1334 1224 posse
1366 1173 1488 1213 sanari

202 1233 429 1288 praesentia‚
453 1242 617 1283 putans}
641 1233 690 1282 Q.
718 1234 965 1283 Lucretium,
991 1237 1057 1286 qui
1089 1235 1127 1274 in
1151 1248 1310 1276 numero
1342 1235 1488 1287 legato-

203 1307 290 1335 rum
328 1303 436 1343 erat,
462 1308 696 1346 quamquam
734 1298 774 1336 in
810 1297 1050 1336 triumviratu
1085 1297 1364 1347 proscriptum,
1397 1310 1489 1338 con-

201 1355 324 1397 sulem
351 1356 586 1406 defignavit,
615 1359 650 1396 &
686 1357 763 1408 ipse
791 1361 1078 1410 quamprimum
1110 1360 1164 1398 ire
1195 1359 1357 1400 Romam
1395 1371 1488 1398 con-

200 1419 335 1459 stituit.
369 1420 598 1459 Advenienti
620 1421 774 1462 decreta
805 1422 948 1465 multa:
975 1422 1070 1462 nihil
1100 1431 1329 1473 acceptum,
1352 1431 1486 1472 praetet

199 1492 306 1521 aram
341 1479 521 1521 Fortunae-
550 1481 730 1531 Reduci,
756 1485 792 1523 &
820 1483 1122 1524 anniversarium
1146 1497 1192 1524 eo
1222 1485 1285 1523 die
1309 1483 1485 1532 sacrum,

199 1541 269 1581 sub
287 1543 574 1594 Augustaliorum
588 1544 804 1593 vocabulo,
835 1559 925 1585 cum
944 1546 1045 1587 ludis
1072 1546 1318 1586 solemnibus.
1340 1547 1484 1596 Pugna-

196 1603 266 1642 bat
296 1612 427 1643 tamen
466 1604 616 1644 senatus
654 1606 891 1657 populusque
930 1607 1151 1655 Romanus,
1183 1618 1225 1647 ut
1253 1608 1406 1647 obviam
1437 1606 1482 1644 iri

196 1674 429 1716 pateretur3
462 1665 607 1704 idcirco
643 1667 901 1708 declinaturus
936 1667 1035 1709 hanc
1078 1669 1310 1718 molestiam,
1352 1682 1402 1708 ne
1441 1668 1481 1711 se

201 1729 239 1769 ἃ
263 1726 452 1780 populum
486 1728 737 1778 inquietaret,
773 1733 892 1770 noctu
930 1731 1110 1781 ingressus
1134 1732 1198 1774 est.

257 1787 413 1828 XXXI.
443 1787 646 1836 Postridie,
676 1801 765 1829 cum
783 1791 831 1830 de
854 1791 964 1830 rebus
988 1791 1026 1830 in
1051 1792 1209 1832 Oriente
1232 1790 1342 1842 gestis
1366 1789 1481 1829 refer-

194 1860 277 1896 ret,
319 1850 493 1900 praetoria
529 1851 686 1901 infignia
729 1852 790 1894 Ti.
832 1853 978 1892 Neroni
1023 1853 1264 1893 decernenda
1308 1852 1480 1899 curavit;

191 1909 341 1958 Druso,
370 1911 423 1948 uti
450 1910 609 1949 celerius
643 1912 933 1962 quinquennio,
957 1927 1069 1963 quarn
1107 1914 1286 1952 fineretur
1313 1913 1478 1963 legum,

192 1970 362 2012 honores
387 1979 544 2023 peteret.
572 1972 641 2022 Ipsi
666 1973 831 2019 deinde,
849 1974 1047 2024 p‘ostquam
1066 1975 1130 2014 fibi
1153 1975 1352 2025 displicere
1369 1975 1478 2026 signi-

184 2034 358 2081 ficabat,
395 2046 476 2083 quae
510 2033 667 2072 absente
707 2033 744 2072 se
783 2048 850 2085 per
886 2035 1117 2084 seditiones,
1153 2039 1188 2077 &
1225 2036 1369 2076 reverso
1406 2049 1475 2086 per

189 2101 340 2134 metum
377 2094 460 2132 adra
493 2103 625 2141 erant,
652 2095 915 2144 praefed'turarn
937 2096 971 2135 ei
995 2110 1145 2136 morum
1180 2110 1269 2137 cum
1304 2096 1474 2139 censoria

187 2155 374 2206 potestate
401 2154 619 2195 detulerunt
658 2158 697 2194 in
732 2158 1070 2207 quinquennium:
1104 2160 1302 2199 consulare
1337 2161 1397 2208 jus
1430 2160 1471 2199 in

191 2222 449 2272 perpetuum,
479 2232 568 2260 cum
609 2219 772 2260 fascibus
812 2222 1043 2269 duodecim,
1081 2225 1115 2262 ἃ
1148 2222 1238 2264 sella
1277 2222 1397 2261 curuli
1430 2224 1470 2264 in.

190 2282 321 2321 medio
351 2280 562 2320 consulum.
595 2282 815 2322 Censoriam
842 2284 984 2323 deinde
1018 2285 1243 2336 potestatem
1276 2285 1314 2322 in
1336 2297 1469 2334 perpe-

188 2353 298 2383 tuum
328 2345 503 2394 accepit3
525 2358 637 2394 quam
662 2354 772 2385 antea
798 2359 952 2396 quoque
986 2356 1131 2385 certum
1158 2347 1206 2386 ad
1232 2356 1381 2395 tempus
1402 2344 1466 2383 ha-

189 2405 308 2445 buisse
341 2406 486 2445 constat
510 2419 555 2445 ex
581 2409 673 2446 afris
706 2409 811 2456 ejus,
838 2408 951 2447 censu
984 2408 1217 2459 praesertim,
1254 2421 1368 2462 quem
1392 2408 1471 2449 hoc-

231 2523 254 2566 ἓ
278 2523 404 2560 XXIX.
427 2525 536 2561 Strah.
561 2524 583 2573 5
604 2524 712 2559 XXX.
735 2523 860 2570 Veuej.
889 2534 907 2557 2
922 2549 932 2566 ‚
951 2533 1006 2566 92,
1030 2523 1114 2558 Dio.
