1617 2963
123 166 487 213 ‘'INLOC.
534 168 672 213 LIB.
721 168 1120 215 CXXIX‘LIV.
1256 186 1315 231 27

15 274 104 328 pati
128 289 197 313 non
218 273 407 328 potasti-t,
433 274 484 311 ad
503 274 709 326 Pompejum
733 276 901 327 refitgzffe.
923 289 1016 315 nunc
1045 287 1160 315 amoto
1195 277 1318 316 Calvi-

17 339 75 389 fio
89 368 100 384 ,
126 337 220 376 nihil
237 337 387 389 obstare,
408 335 492 388 quin
513 335 628 374 redeat
651 337 701 373 ad
727 339 888 388 Caesarem
901 367 912 386 ,
933 352 1004 376 non
1020 339 1108 376 male
1129 341 1170 377 de
1187 341 1228 392 fi
1250 353 1319 392 mg-

28 399 132 436 ritum
146 414 162 446 ;
186 399 286 436 modo
302 397 396 448 fides
424 412 448 435 a
473 397 532 435 M.
547 395 718 448 Mfflla
746 398 863 436 detur.-
884 411 974 439 nam
1002 397 1066 436 hic
1088 412 1154 449 per
1181 398 1318 439 absen-

29 461 124 499 tiam
156 460 331 510 Agrippae
364 456 466 498 claffi
494 465 664 507 praeerat.
690 457 773 496 Nec
801 458 866 496 diu
895 460 1086 498 dubitavit
1123 460 1325 508 Messalla,

29 520 167 561 Caesari
196 528 347 570 gratum
379 518 416 557 se
438 518 629 558 facturum
659 518 885 557 admonitus
925 528 990 558 aut
1020 521 1246 569 conjiciens.

95 582 161 622 lv.
202 583 300 632 Ergo
327 581 393 619 ubi
425 592 516 619 cum
549 579 699 630 aliquot
739 580 957 620 triremibus
988 582 1161 622 Mindius
1189 583 1326 623 affuit:

31 653 217 694 tanquam
244 658 264 682 a
287 641 440 683 Caesaris
471 642 643 693 partibus
674 642 880 690 transiens,
910 645 1087 692 adjunxit
1113 646 1147 683 ei
1176 644 1212 683 se
1240 657 1331 695 pro·

32 708 154 755 ditor,
191 708 226 744 &
251 704 338 744 suos
366 706 506 754 partim
539 703 740 753 volentes,
766 703 864 744 alios
899 717 1110 764 repugnare
1148 705 1329 745 validiori

31 781 110 807 non
153 766 286 814 ausos,
312 766 539 807 transduxit.
574 766 777 817 Postquam
815 766 854 804 in
886 766 1138 816 conspectum
1174 768 1328 807 Caesaris

31 827 211 868 admiffus
241 828 319 877 est,
345 829 395 868 ad
421 840 544 879 genua
565 828 769 878 procidens
797 830 921 867 oravit
947 829 1123 876 veniam,
1150 828 1218 866 nil
1223 829 1330 867 ilex-

32 891 175 931 cusans
212 892 259 932 Et
285 904 372 932 eam
398 893 555 942 quidem
588 892 692 932 haud
724 893 910 942 gravatim
939 893 1072 932 tribuit
1101 891 1246 931 Casu-z
1271 905 1332 930 ce-

35 961 161 998 terum
183 953 344 1003 >ingenio
382 963 462 992 tam
491 952 668 992 mutabili
701 952 797 991 nihil
826 953 956 1003 postea
989 953 1145 1002 majoris
1176 955 1230 992 rei
1251 966 1331 991 ere-

34 1013 162 1062 didit3
195 1014 382 1064 deditque
413 1016 616 1065 negotium
658 1015 771 1053 certis
812 1013 1058 1063 hominibus,
1090 1013 1331 1060 dissimulam

32 1083 91 1115 ter
114 1089 202 1116 eum
224 1076 468 1117 custodiendi
489 1091 499 1117 z
523 1077 723 1127 praefeetos
744 1077 980 1123 triremium,
1004 1077 1068 1126 qui
1089 1084 1244 1114 manere
1262 1088 1330 1114 no-

29 1137 192 1185 lebant,
223 1152 298 1188 quo
328 1140 467 1190 cuique
500 1137 620 1178 visum
649 1138 701 1178 est
726 1137 852 1184 abire,
879 1138 1032 1177 dimisit.
1067 1137 1155 1185 Jam
1188 1137 1331 1177 refet‘ta

33 1198 158 1241 classis
181 1208 283 1247 erat,
314 1202 349 1239 ἃ
380 1199 501 1244 Caesar
530 1200 724 1239 Vibonem
754 1197 960 1249 appulsus,
993 1197 1208 1238 Meffallam
1242 1211 1330 1237 cum

35 1261 185 1307 duabus
212 1261 430 1312 legionibus
459 1262 713 1301 transmittere
750 1263 791 1300 in
825 1260 998 1301 Siciliam
1027 1260 1156 1309 juffit,
1181 1260 1333 1310 Lepidi-

35 1336 110 1373 que
140 1325 264 1374 copiis
291 1326 543 1374 conjunctum
573 1324 773 1363 stationem
805 1336 916 1374 agere
940 1323 979 1361 in
1003 1323 1330 1363 Tauromenitano

33 1386 128 1425 sinu.
152 1394 225 1425 tres
250 1385 342 1426 alias
370 1387 546 1437 legiones
579 1388 627 1425 ad
655 1387 828 1426 Statuam
854 1385 1030 1438 (Stylida
1064 1394 1205 1424 vocant
1231 1386 1333 1424 Grae-

35 1448 101 1502 ci)
118 1449 311 1488 excubare
335 1448 467 1499 juilit3
492 1450 598 1500 quod
625 1451 655 1488 is
679 1449 805 1497 locus,
825 1449 872 1488 ad
900 1440 1179 1488 duodecimum
1195 1446 1333 1486 aRlie-

38 1509 102 1559 gio
141 1509 304 1549 milliare
346 1510 513 1559 distans,
546 1509 807 1554 breviffimum
852 1510 893 1548 in
923 1509 1093 1550 Siciliam
1130 1511 1333 1559 trajectum

39 1573 220 1612 habebat.

46 1659 60 1683 .·
94 1636 141 1676 Vs
171 1636 246 1676 Sed
270 1636 419 1676 Taurus
441 1649 462 1675 a
486 1634 923 1686 Tarentoscylacium,
949 1633 1150 1674 obversum
1183 1634 1333 1674 Tauro-

40 1697 245 1753 menitanae
277 1698 424 1748 regioni
451 1698 783 1748 promontorium,
811 1696 945 1746 petiit,
965 1696 1092 1735 itineri
1110 1695 1215 1734 fimul
1234 1709 1332 1745 proe-

39 1758 171 1809 lioque
196 1768 359 1810 paratus.
395 1761 498 1800 Nam
528 1762 563 1799 ὅ(
587 1761 681 1798 mari
708 1757 961 1809 speculatoria
989 1759 1139 1808 navigia
1166 1757 1332 1807 praemit-

40 1822 169 1872 tebat,
200 1825 234 1862 ὁὶ
263 1822 377 1862 litora
406 1822 566 1862 curabat
599 1821 837 1872 exploranda
865 1834 932 1871 per
960 1823 1122 1871 equites.
1162 1820 1332 1870 Ideoque

41 1881 163 1934 §aesar
191 1896 212 1921 a
234 1883 385 1923 Vibone
408 1884 676 1936 transgressus,
704 1883 866 1934 probata
892 1885 1007 1923 Tauri
1041 1883 1239 1933 diligentia
1268 1882 1329 1920 se-

40 1944 189 1991 curior,
214 1945 355 1985 eodem
385 1947 506 1986 rediit.
539 1946 742 1995 Pompejus
769 1943 969 1984 adversum
1008 1945 1090 1983 brec
1112 1944 1246 1983 iisdem
1273 1943 1331 1982 lo-

40 2005 94 2046 cis
126 2007 294 2056 praesidia
327 2009 547 2057 constituit,
584 2008 722 2059 quibus
765 2021 832 2058 per
874 2009 1038 2048 eandem
1068 2008 1234 2046 aestatem
1264 2006 1334 2046 ha·

43 2062 189 2118 buerat.
221 2067 380 2109 Interim
409 2078 575 2125 quatuor
602 2070 809 2126 Lepidanae
834 2069 909 2120 legi
914 2082 1032 2117 orrea,
1059 2069 1229 2119 deceptae
1252 2067 1333 2118 spen

47 2123 105 2166 cie
129 2132 414 2187 occurrentium
443 2132 623 2180 navium,
645 2145 734 2170 nam
764 2145 785 2170 a
808 2131 955 2182 Lepido
986 2130 1115 2185 vmill-as
1147 2143 1206 2168 ex
1198 2129 1336 2167 stima-

46 2201 204 2240 verant,
214 2193 265 2231 in
279 2193 464 2244 Papiam,
493 2195 666 2245 Pompeji
690 2195 851 2242 ducem,
882 2194 1126 2232 inciderunt:
1155 2192 1330 2241 maleque

46 2252 265 2304 ωυῑςῖὶεῑῑεε,
290 2267 340 2293 ne
373 2255 510 2306 Lepidi
539 2257 699 2307 quidem
729 2257 914 2304 navibus,
943 2270 1026 2307 qua:
1060 2256 1190 2306 postea
1216 2266 1328 2292 vene

47 2323 133 2361 rant
169 2314 344 2365 obviam,
384 2317 481 2357 ausae
511 2318 731 2368 confidere,
763 2319 867 2367 vario
900 2320 935 2359 Sc
972 2316 1177 2358 miserabili
1203 2328 1325 2356 errore

93 2441 116 2484 ξ
143 2442 201 2474 ῙῙῙ.
227 2443 300 2477 Cic.
327 2444 367 2476 ad
388 2445 543 2479 familiar
566 2445 644 2478 Dio
674 2445 1053 2490 Appian.§1V.Dio.
1080 2442 1182 2480 Oros
1209 2444 1249 2485 6„
1275 2444 1324 2481 18

47 2484 179 2531 Appiam
186 2487 284 2522 Stra
284 2489 321 2522 b.
343 2490 366 2522 Ξ
394 2488 425 2522 6
