1617 2963
203 171 298 226 '134
365 162 465 210 JO.
497 160 1012 208 FREINSHEMII
1045 161 1392 213 SUPPLEM

207 268 316 314 nuit,
353 268 434 317 quis
472 267 712 313 mitteretur,
746 265 899 317 quando
937 267 1049 317 pauci
1087 266 1307 319 supererant
1337 271 1487 308 amico·-

208 343 316 377 rum,
346 331 380 369 ὁὶ
403 329 539 368 horum
571 327 780 379 suspeetam
813 328 930 368 fidem
957 328 1115 379 perfidia
1152 330 1487 382 transfugiendum

209 392 397 431 effecerat.

272 451 438 491 XXXV.
471 450 715 502 Euphronius
747 452 865 503 igitur
899 451 1093 501 delectus,
1127 452 1296 495 filiorum
1322 455 1493 494 ¹Antonii

209 521 433 564 praeceptor.
468 526 535 563 per
561 512 688 561 hunc,
711 528 839 567 magna
857 515 1010 567 pecuniae
1033 516 1071 554 vi
1091 515 1234 564 oblata,
1259 532 1396 570 regnum
1413 519 1498 555 libe-

210 575 260 612 ris
282 575 361 626 suis
382 573 587 624 Cleopatra
613 575 771 618 orabat:
800 577 1011 624 Antonius,
1033 579 1168 617 dedito
1189 579 1237 619 ad
1264 579 1495 630 supplicium

211 634 387 675 Turullio
420 636 616 684 senatore,
645 641 709 688 qui
747 640 844 678 inter
873 640 1104 690 percuffores
1138 640 1338 691 superioris
1374 641 1498 682 Caesa-

211 698 261 735 ris
284 697 430 746 fuerat,
453 711 540 737 eum
568 700 819 750 necfftua'inis
846 699 882 738 ὃν
907 702 1069 740 amicitiae
1089 703 1244 757 pristinae
1270 704 1498 753 admonuit;

216 761 253 798 «Sc
275 772 427 801 mutuum
456 776 625 811 amorem,
650 764 810 816 seriaque
834 763 869 801 δ’
895 763 992 816 lusus
1021 767 1274 805 communicata
1305 766 1497 813 referens,

213 832 254 859 ut
272 821 342 871 fibi
354 820 479 872 saltem
505 823 687 870 Athenis,
704 825 742 874 fi
762 825 800 861 in
826 826 996 876 AEgypto
1023 825 1130 863 nollet
1158 827 1290 878 Caesar,
1313 828 1495 876 privatam

214 896 313 935 agere
337 885 445 922 vitam
469 884 603 932 liceret,
627 885 854 935 postulabat.
881 886 1008 937 Magis
1032 895 1162 926 tamen
1188 901 1256 938 pro
1282 887 1500 939 Cleopatra,

217 957 332 993 quam
363 946 412 984 de
437 945 637 997 semetipso
672 948 880 997 sollicitus,
914 961 993 988 non
1020 947 1216 988 recusabat
1250 950 1371 997 mori,
1401 951 1496 989 dum

216 1005 273 1045 illi
301 1018 527 1057 parceretur.
571 1010 671 1049 Huic
699 1023 852 1060 quoque
879 1009 1060 1059 legationi
1083 1009 1180 1049 nihil
1204 1010 1397 1061 respondit
1423 1010 1503 1051 Cae-

217 1065 286 1106 sar.
312 1067 392 1106 sero
418 1069 554 1107 tentari
592 1070 834 1110 conditiones
860 1070 956 1110 visae.
989 1070 1209 1111 Turullium
1243 1071 1406 1111 interfici
1428 1070 1503 1121 jus-

219 1129 275 1168 fit.
306 1129 469 1169 Turullii
500 1139 661 1170 mortem
689 1131 824 1179 Iocus,
849 1132 915 1171 ubi
952 1133 1083 1183 periit,
1112 1133 1352 1184 insigniorem
1385 1133 1504 1183 fecit,

222 1192 327 1240 quod
364 1190 417 1229 ira
444 1192 645 1243 AEsculapii
683 1196 824 1233 tractus
852 1195 900 1233 ad
925 1193 1154 1245 supplicium
1181 1195 1384 1235 videretur,

293 1252 481 1293 XXXVI.
515 1256 672 1304 Quippe
709 1257 860 1294 Actiaco
898 1254 999 1294 bello
1029 1256 1226 1306 praefectus
1263 1257 1419 1297 Antonii
1451 1256 1503 1296 ad

221 1327 338 1354 naves
372 1315 614 1356 fabricandas
644 1317 771 1357 lucum
802 1317 1006 1369 AEsculapii
1034 1320 1073 1358 in
1105 1319 1160 1358 Co
1184 1319 1301 1359 insula
1334 1319 1505 1359 succide-

221 1385 291 1415 rat.
329 1377 449 1428 Igitur
477 1380 614 1418 eodem
643 1380 679 1417 in
709 1383 796 1419 luco
825 1379 999 1427 occisus,
1029 1393 1163 1430 poenas
1194 1381 1335 1421 dedisse
1360 1381 1504 1421 violato

223 1441 378 1479 numini
416 1442 653 1482 credebatur.
681 1443 777 1482 Curn
812 1443 896 1483 duae
926 1445 1005 1492 jam
1040 1443 1250 1494 legationes
1275 1445 1386 1484 irritae
1415 1442 1509 1482 fuis-

225 1499 332 1547 sent,
371 1502 566 1552 Antyllum
599 1504 721 1542 filiuni
757 1516 846 1543 cum
887 1504 1010 1544 multo
1042 1518 1132 1544 auro
1169 1506 1360 1545 Antonius
1393 1505 1503 1545 mint,

226 1575 362 1601 aurum
393 1576 616 1614 acceptum,
642 1566 795 1616 Antyllo
824 1580 902 1605 non
926 1566 1032 1617 plus,
1057 1579 1169 1617 quam
1193 1566 1416 1617 prioribus,
1440 1579 1508 1605 re-

228 1623 350 1674 sponfi
390 1626 533 1665 datum.
572 1630 617 1666 At
655 1627 899 1677 Cleopatram
933 1628 1262 1678 quemadmodum
1295 1626 1409 1667 semel
1438 1628 1541 1680 ite=x

229 1698 393 1736 rumque
426 1689 535 1727 minis
563 1698 677 1740 atque
709 1691 1052 1740 pollicitationibus
1086 1689 1317 1738 versaverat,
1341 1690 1394 1728 ita
1425 1697 1508 1729 tum

233 1762 386 1799 quoque
409 1750 542 1789 iisdem
564 1752 705 1790 artibus
730 1753 917 1803 aggressus
947 1752 1066 1792 Caesar
1081 1783 1091 1799 ,
1119 1751 1310 1802 Thyrsum
1333 1765 1381 1791 ex
1400 1751 1512 1791 liber-

233 1813 306 1857 tis,
330 1812 527 1852 hominem
559 1827 635 1853 non
668 1815 864 1864 ineptum,
891 1815 1102 1865 ablegavit,
1129 1814 1194 1864 qui
1225 1826 1409 1865 correptum
1435 1814 1513 1865 ejus

234 1888 348 1913 amore
370 1876 532 1928 Caesarem
551 1877 756 1924 mentitus,
778 1877 826 1915 ad
853 1877 1009 1915 Antonii
1033 1876 1175 1915 caedem
1195 1874 1408 1926 impelleret
1432 1888 1514 1915 mu*

234 1933 367 1974 lierem
401 1936 658 1985 impudicam,
693 1937 843 1983 fiducia
871 1939 1003 1977 formae
1027 1968 1037 1984 ,
1065 1936 1417 1986 multiplicibusque
1448 1949 1514 1975 ex.

238 1997 459 2047 perimentis
505 1997 591 2038 satis
639 1998 882 2050 persuasam,
916 1998 953 2038 se
987 1999 1034 2038 ab
1073 1998 1252 2038 omnibus
1293 1997 1518 2038 hominibus

238 2059 368 2098 amari.

294 2122 500 2163 XXXVII.
534 2124 688 2175 Quippe
710 2124 733 2163 si
761 2136 846 2163 vera
870 2123 972 2163 fama
999 2123 1050 2162 est
1067 2154 1078 2172 ,
1099 2131 1211 2162 tantae
1241 2121 1412 2161 libidinis
1435 2120 1519 2161 haec

241 2183 371 2232 regina
399 2183 492 2230 fuit,
519 2193 561 2222 ut
593 2184 689 2234 saepe
725 2185 950 2235 prostiterit;
978 2193 1089 2223 tantae
1129 2182 1445 2234 pulchritudinis,
1471 2192 1516 2223 ut

243 2243 355 2282 multi
381 2246 534 2283 noctem
562 2247 644 2293 ejus
675 2254 797 2284 morte
824 2247 1012 2296 proposita
1042 2245 1212 2284 emerint.
1243 2244 1419 2283 Ceterum
1440 2243 1519 2281 Cae..

243 2304 313 2346 sari
345 2307 468 2355 major
497 2314 576 2345 erat
599 2305 840 2356 sollicitudo,
864 2320 912 2346 ne
933 2320 1000 2358 per
1026 2307 1331 2358 desperationem
1354 2304 1518 2356 seque&

295 2426 317 2469 ς
343 2424 403 2457 ΚΧ
408 2426 501 2458 XIV.
524 2426 604 2460 Dio.
626 2426 715 2459 Plut.
741 2427 926 2471 §XXXV.
948 2426 1029 2460 Dio..
1053 2427 1144 2464 Plut.
1168 2428 1311 2463 Sueten,
1332 2427 1366 2460 in
1381 2426 1468 2472 Aug.
1491 2436 1524 2461 c,

242 2481 302 2511 17
328 2470 350 2515 S
374 2471 1081 2514 XXXVLVaLMax.1,1.Dio„1'.1ut
