1617 2963
255 192 349 238 226
416 189 1470 246 JO.FRE1NSHEM[15UPPLEM.·

252 297 449 338 nienfibus
479 296 696 346 legionibus
722 299 898 347 praeeratl
912 298 1121 349 frumentum
1145 301 1179 339 δ’
1204 300 1281 339 alia
1302 304 1454 355 quaedam
1470 305 1528 342 don

251 375 301 398 ‚⁷20
317 363 356 412 se
379 361 459 396 dare
487 359 650 397 exercitui
678 358 941 409 significarunt.
983 360 1132 400 Deinde
1153 361 1294 402 milites
1309 394 1320 412 ,
1341 365 1532 414 accipien-

255 421 294 459 di
327 421 444 470 gratia
484 419 635 468 missos,
667 433 742 470 quo
768 435 961 473 quemque
991 422 1189 462 voluerant
1224 426 1447 474 perductos,
1470 427 1528 465 ina

251 488 496 520 teremerunt.
536 482 611 521 Sed
635 481 750 531 hujus
777 483 957 524 facinoris
981 483 1085 524 haud
1112 486 1335 528 diuturnum
1363 489 1415 528 eis
1438 503 1529 540 gana

250 543 360 581 dium
389 543 472 582 fuit.
503 542 658 594 Quippe
690 545 898 585 vastatione
928 559 1127 597 agrorum,
1153 550 1190 588 Sc
1212 551 1444 600 oppidorum
1472 553 1529 590 in·

252 602 426 651 cendiis,
462 601 620 653 aliisque
660 603 750 643 belli
784 604 958 649 cladibus
991 606 1163 646 celeriter
1197 609 1362 659 domiti,
1394 624 1527 661 poenas

249 665 410 705 turbatae
442 678 511 714 per
548 666 697 705 insidias
724 669 829 717 pacis
867 670 1068 710 dederunt.
1104 671 1207 711 Alius
1237 686 1354 723 eques
1384 674 1526 714 Roma-

249 739 344 773 nus,
371 725 499 766 Gallus
515 726 657 774 AElius,
682 728 719 766 in
739 730 917 769 Arabiam
945 730 1111 771 Felicem
1129 733 1231 784 signa
1253 735 1428 774 Romana
1453 735 1528 785 pri.

248 801 335 828 mus
356 787 495 828 intulit.
521 801 635 838 quam
652 802 698 829 ex
719 790 905 830 Strabone
928 793 1180 843 potissimum,
1203 799 1356 835 auam-e
1381 797 1528 847 quanti-

246 851 303 890 vis
325 851 460 900 pretii,
484 851 548 901 qui
575 851 856 896 Galloamicus
882 852 1092 906 sodalisque
1114 857 1208 905 fuit,
1233 858 1494 909 exsequemur.

300 919 415 959 XXI.
445 920 602 960 Miserat
628 921 733 959 hunc
761 922 904 971 Caesar,
934 932 978 962 ut
1001 937 1061 964 eas
1089 934 1240 975 gentes,
1270 927 1526 978 finitimasque

244 988 434 1027 tentaret,
470 983 578 1022 simul
608 984 782 1024 locorum
816 986 951 1037 situm,
984 988 1296 1040 AEthiopicosque
1331 991 1450 1040 fines,
1487 993 1524 1031 Sc

245 1039 531 1090 Troglodytas,
559 1046 724 1091 ffigypto
753 1043 921 1090 vicinos,
957 1042 1193 1092 exploraret,
1227 1053 1292 1095 qui
1327 1054 1402 1085 finu
1439 1055 1525 1092 Ara-1

244 1101 335 1141 bico
369 1104 526 1141 minime
555 1101 634 1140 lato
663 1102 709 1141 ab
735 1103 920 1143 Arabibus
956 1105 1186 1155 separantur.
1235 1107 1315 1147 Hos
1348 1108 1533 1157 quiadi-2.

241 1162 404 1202 tiffimos
435 1163 508 1202 effe
539 1162 700 1212 sciebat,
731 1177 822 1203 auro
851 1174 1083 1216 argentoque
1111 1176 1279 1207 aromata
1307 1170 1343 1207 Sc
1370 1168 1522 1219 lapillos

239 1234 525 1274 permutantes,
547 1237 617 1264 nec
644 1235 815 1265 ementes
842 1227 889 1266 ab
916 1226 998 1267 aliis
1022 1228 1259 1279 quidquam,
1284 1238 1351 1269 aut
1377 1231 1521 1270 amicos

240 1284 439 1324 habiturus
463 1284 690 1335 opulentos,
717 1295 798 1334 aut,
826 1287 850 1326 si
876 1287 999 1327 hostes
1025 1289 1097 1328 esse
1126 1289 1364 1340 maluissent,
1387 1291 1519 1342 ingena

240 1348 295 1385 tia
326 1348 416 1385 inde
440 1347 559 1396 spolia
586 1357 843 1397 reportaturus
863 1350 1075 1389 videbatur.
1103 1352 1218 1401 Spem
1244 1352 1360 1391 dabat
1382 1355 1417 1392 ὅ(
1442 1353 1520 1393 Na-

240 1407 451 1447 bataeorum
489 1407 672 1456 societas,
707 1421 867 1458 quorum
897 1410 1054 1461 Syllaeus
1080 1412 1349 1461 fraudulento,
1387 1421 1427 1453 ut
1459 1427 1518 1453 res

242 1470 400 1517 docuit,
433 1470 610 1518 confilio,
637 1471 674 1509 se
709 1472 847 1511 ducem
883 1473 1053 1523 itineris,
1088 1473 1229 1514 socium
1261 1476 1516 1527 periculorum

244 1529 441 1569 offerebat.
483 1531 539 1569 Ad
568 1531 705 1570 Album
734 1545 876 1583 pagum
905 1533 978 1587 (id
1010 1535 1219 1576 maximum
1246 1538 1517 1579 Nabataeorum

240 1593 456 1642 emporium
488 1594 593 1642 erat)
623 1594 865 1644 dirigendum
895 1595 966 1633 iter
991 1608 1077 1636 cum
1103 1597 1216 1646 esset,
1242 1601 1396 1650 negavit
1417 1602 1518 1652 pedi-

236 1656 302 1692 bus
320 1667 495 1706 penetrare
528 1670 566 1693 co
603 1656 787 1693 exercitum
825 1656 947 1708 poffe,·
985 1668 1073 1696 cum
1102 1666 1232 1699 tamen
1260 1669 1512 1711 mercatores,

235 1725 344 1755 tanto
374 1716 609 1756 camelorum
641 1719 676 1757 δέ
713 1715 914 1756 hominum
950 1731 1139 1767 numero,
1167 1733 1382 1761 commeare
1415 1721 1514 1762 inter

231 1777 384 1818 Petram
413 1780 447 1816 St
469 1777 607 1815 Album
632 1778 759 1816 vicum
795 1777 963 1827 soleant,
990 1788 1032 1817 ut
1064 1780 1089 1818 si
1118 1781 1404 1822 multitudinem
1430 1783 1513 1834 spe-

234 1843 336 1886 ctes,
368 1839 519 1878 differre
547 1838 643 1878 nihil
673 1840 720 1878 ab
747 1842 917 1880 exercitu
946 1843 1154 1883 videantur.
1191 1844 1358 1884 Primum
1394 1845 1433 1884 in
1462 1859 1509 1885 eo

232 1910 435 1953 peccatum
462 1902 559 1949 fuit,
594 1902 700 1951 quod
730 1902 907 1941 adversus
946 1903 1124 1943 homines
1154 1907 1312 1945 minime
1346 1907 1512 1947 bellico-

233 1966 314 2014 sos,
332 1967 425 2004 mari
452 1965 676 2015 praesertim,
699 1978 812 2004 naves
839 1966 969 2016 longas
991 1968 1091 2017 apud
1109 1968 1390 2020 Cleopatridem
1407 2001 1418 2019 ,
1435 1985 1508 2022 qua

231 2027 350 2066 veteri
367 2026 467 2066 foisse
492 2026 569 2065 Nili
595 2029 771 2076 proxima
788 2028 860 2075 est,
888 2028 1049 2068 biremes
1074 2031 1318 2082 triremesque
1345 2045 1389 2072 ac
1415 2032 1510 2084 pha=

233 2088 332 2128 selos
361 2090 510 2127 circiter
536 2089 729 2138 oftoginta
754 2090 971 2129 construxit.

286 2160 418 2201 XXII.
448 2161 580 2200 Errore
603 2161 691 2199 dein
717 2163 1000 2211 animadverso,
1024 2172 1177 2204 centum
1202 2165 1352 2216 triginta
1376 2179 1508 2206 onera-

230 2225 304 2264 rias
332 2224 555 2264 aedificavit:
590 2225 843 2276 imposuitque
877 2227 1041 2266 militum
1070 2228 1333 2267 Romanorum
1366 2240 1410 2266 ac
1442 2228 1506 2266 so·-

230 2287 377 2325 ciorum
416 2286 533 2324 millia
564 2288 681 2325 ferme
707 2289 861 2328 decem:
892 2290 932 2327 in
955 2290 1090 2339 quibus
1115 2300 1221 2329 erant
1248 2302 1337 2329 cum
1365 2289 1504 2340 Syllaeo

229 2345 340 2386 mille
365 2345 549 2386 Nabataei.
588 2347 762 2388 Herodes
792 2350 935 2399 etiam,
957 2350 996 2388 in
1019 2362 1155 2401 magna
1180 2351 1280 2390 fame
1306 2352 1502 2409 frumento

282 2487 304 2533 5
334 2487 580 2538 xx.1³11n.6‚
606 2489 657 2524 28.
685 2489 792 2526 strab.
814 2492 838 2524 1.
859 2501 889 2524 2.
921 2491 942 2536 ς
971 2491 1063 2526 xxi.
1095 2491 1182 2527 pun.
1211 2492 1329 2527 scr-„ihs
