1617 2963
273 185 299 224 4
399 161 1462 215 JO.FRE1NSHEM118UPPLEM.

271 286 430 326 quartum
448 272 619 324 acceffiſje.
644 269 719 315 Sed
736 271 902 319 correpti
930 268 1087 320 quidam
1114 270 1267 320 piratae,
1285 274 1475 324 tortique,
1490 289 1556 313 aa„

271 340 389 378 Horem
414 336 614 390 Pompe-jum
648 333 871 381 ediderunt3
901 339 1016 384 atque
1046 334 1232 374 indicavit
1258 348 1343 375 eam
1375 350 1456 376 rem
1485 352 1555 388 po„

272 401 365 452 pulo
393 398 536 445 Caesar,
565 399 601 436 ὅ(
633 408 723 436 cum
758 396 941 445 Pompeio
969 408 1036 446 per
1063 394 1190 435 literas
1222 397 1372 447 questus
1398 399 1461 438 est.
1485 398 1556 438 lile

271 475 437 515 purgans
462 460 499 500 se
525 460 572 498 de
602 459 756 508 objecto
786 459 971 507 crimine,
987 458 1171 508 vidium,
1191 459 1374 512 Achajam
1389 462 1462 512 fibi
1483 477 1555 500 non

267 527 413 578 nstitui,
434 524 469 562 6³
496 524 542 562 ab
569 523 730 561 Antonio
756 523 906 570 vexari,
928 521 1186 571 exprobravit.
1220 522 1317 561 Cum
1347 523 1388 561 in
1415 536 1461 562 eo
1492 536 1551 563 res

267 587 414 631 ell'ent,
437 596 619 634 magnum
644 583 875 621 maturando
906 581 1007 621 bello
1036 590 1281 622 momentum
1308 583 1551 632 Menodorus

265 650 420 697 attulit,
445 654 600 698 repente
627 647 675 685 ad
708 645 887 685 Caesarem
923 646 1162 697 transgressus
1193 646 1249 686 his
1281 648 1413 688 causis.

318 712 403 752 Vll.
436 709 647 751 Potentiam
667 707 834 746 hominis
850 709 1051 757 *aegerrime
1072 708 1338 759 patiebantur,
1359 719 1552 762 quotquot

260 775 522 829 remanserant
545 770 650 821 apud
678 770 906 819 Pompejum
928 769 1104 820 nobile33
1127 770 1191 810 sed
1211 770 1464 812 adolescentis
1487 787 1555 813 au-

261 853 319 880 res
341 837 426 877 solis
451 835 594 874 libertis
616 841 743 882 patere
768 833 899 882 gnari,
922 832 1069 883 aliquos
1087 846 1132 872 ex
1159 846 1205 873 eo
1227 847 1366 884 genere
1386 833 1552 874 induxe-

260 911 370 949 runt,
402 910 445 939 ut
480 897 741 938 Metrodorum
776 894 893 933 veluti
928 907 1078 947 patrono
1115 896 1334 948 imperantem
1371 896 1550 936 crimina-

259 974 404 1006 rentur.
440 962 562 1010 Atque
587 958 669 1005 illi,
691 957 792 1007 quod
815 955 914 996 ultro
942 957 1069 996 facere
1094 970 1160 1008 per
1182 959 1369 997 invidiam
1396 960 1549 1010 cupive-

259 1039 374 1075 rant,
404 1038 491 1065 cum
524 1023 667 1062 assensu
703 1030 897 1061 tantorum
927 1022 1094 1061 virorum
1128 1024 1164 1062 δε
1192 1024 1347 1073 praemio
1381 1023 1549 1064 facffuros

254 1091 352 1137 rati,
374 1087 639 1127 occafionibus
667 1098 746 1123 non
775 1084 987 1124 defuerunt.
1021 1084 1119 1123 forte
1156 1087 1192 1125 &
1228 1084 1401 1136 alioquin
1432 1086 1549 1138 suspi-

255 1152 410 1191 cionem
444 1148 592 1199 patroni
617 1147 752 1187 Menas
780 1147 1005 1194 incurrerat,
1035 1145 1190 1186 Helen)
1223 1146 1399 1194 dimiffo,
1427 1147 1546 1187 liber-

254 1223 296 1255 to
326 1213 500 1259 Caesaris,
525 1209 799 1259 colloquioque
823 1208 1006 1258 deinceps
1037 1220 1125 1246 cum
1156 1208 1239 1259 ipso
1269 1208 1411 1249 Caesare
1435 1209 1545 1249 habi-

253 1287 306 1319 to.
338 1276 486 1316 Idcirco
524 1273 639 1312 millis
676 1269 925 1321 quibusdam,
962 1269 1166 1319 pompejus
1206 1269 1316 1322 adeffi
1352 1272 1402 1307 ad
1436 1271 1544 1309 ratio..

252 1354 315 1378 nes
341 1336 512 1390 frumenti
539 1334 752 1387 pecuniaeque
774 1331 1019 1383 administratae
1041 1331 1258 1379 reddendas,
1287 1330 1402 1378 juffit.
1428 1330 1543 1371 Com.

253 1401 418 1440 modurn
451 1411 471 1437 e
499 1396 644 1435 libertis
680 1393 832 1433 Caesaris
856 1390 1139 1440 Philadelphus
1170 1391 1218 1429 ad
1253 1391 1488 1432 frumentum
1520 1406 1542 1433 e

250 1462 427 1503 Sardinia
459 1457 741 1507 deportandum
771 1461 949 1492 venerat:
978 1464 1066 1490 cum
1093 1451 1169 1490 hoc
1197 1451 1420 1491 fidiffimum
1447 1454 1540 1492 ami-

253 1536 387 1563 corum
421 1519 668 1570 Misylionem
708 1515 946 1556 Menodorus
980 1514 1147 1553 Romam
1180 1513 1306 1560 misit,
1329 1515 1366 1564 fi
1387 1527 1541 1567 receptus

243 1589 351 1640 fidem
373 1582 590 1634 obtimnffet,
619 1579 820 1618 Sardiniam
847 1578 1077 1628 Corsicamque
1101 1589 1176 1613 cum
1199 1575 1310 1613 tribus
1329 1576 1541 1628 legionibus,

242 1649 436 1702 sexaginta
462 1646 638 1691 navibus,
664 1642 699 1680 ὅ)
724 1641 845 1678 multis
872 1640 997 1678 amicis
1021 1639 1102 1691 suis
1138 1636 1316 1676 offerens.

304 1708 406 1748 Vm.
437 1708 486 1747 Et
511 1704 699 1744 dubitavit
725 1701 961 1752 aliquamdiu
993 1699 1140 1739 Caesar:
1174 1699 1240 1739 sed
1265 1698 1332 1738 ubi
1355 1699 1473 1738 fidem
1487 1699 1546 1740 ab,

247 1783 296 1809 eo
318 1771 449 1808 datam
474 1767 609 1807 Menas
634 1765 794 1810 didicit,
819 1760 1122 1812 comprehensis,
1149 1760 1213 1810 qui
1234 1760 1423 1803 evocandi
1446 1773 1535 1800 eum

249 1832 361 1871 causa
387 1843 407 1869 a
427 1829 609 1878 Pompejo
636 1833 845 1872 venerant,
869 1826 903 1864 ὁὶ
929 1823 1160 1869 interfectis,
1189 1822 1341 1862 claffem
1372 1824 1405 1862 ἅ
1428 1836 1536 1862 exer-

247 1895 370 1932 citum
398 1889 533 1932 Caesari
558 1888 725 1927 tradidit.
772 1888 907 1936 Neque
932 1884 1081 1924 dedidit
1103 1883 1314 1934 reposcenti
1348 1884 1533 1934 Pompejo

249 1954 392 2000 Caesar,
415 1954 460 1989 ab
485 1953 559 2004 ipsi>
585 1950 724 1987 violata
742 1948 899 2000 foedera,
928 1946 1102 2000 fitgitivis
1135 1947 1364 1998 recipiendis,
1392 1948 1534 1985 triremi.

244 2019 310 2055 bns
328 2015 569 2066 aedificattdis,
595 2012 778 2049 retinendis
805 2012 843 2048 irz
864 2010 976 2049 Italia
998 2010 1189 2063 praesidiis,
1221 2019 1391 2059 arguens‘.
1426 2009 1529 2058 Quin

246 2083 281 2121 ἃ
304 2081 451 2128 magnis
485 2075 694 2119 honoribus
731 2074 858 2113 affecit
885 2074 1071 2120 Menam,
1098 2073 1322 2123 asseruitque
1351 2073 1390 2111 in
1419 2073 1528 2122 inge—

244 2142 456 2185 nuitatem,
485 2140 519 2176 ὁὶ
549 2135 698 2175 annulis
735 2136 855 2173 aureis
890 2143 1067 2173 ornatum
1092 2135 1141 2172 -in
1176 2133 1384 2183 equestrem
1421 2134 1528 2171 ordi-

244 2213 335 2238 nem
373 2198 540 2248 recepit:
567 2209 692 2246 neque
722 2198 827 2235 enim
856 2205 935 2234 tum
962 2196 1091 2234 adhuc
1125 2195 1308 2244 cuiquam
1337 2194 1527 2232 inferioris

243 2262 319 2300 loci
345 2261 484 2311 gestare
520 2259 703 2299 annulum
742 2271 897 2297 aureum
923 2257 1062 2296 licebat
1085 2270 1093 2296 :
1124 2268 1242 2295 coenae
1274 2268 1426 2306 quoque
1450 2255 1525 2294 suae

244 2324 444 2371 adhibuit,
473 2337 568 2375 quem
592 2323 750 2360 honorem
773 2321 863 2359 nulli
883 2335 944 2358 nec
967 2331 1098 2367 antea,
1117 2333 1178 2357 nec
1193 2319 1336 2371 postea,
1361 2319 1523 2356 libertino

269 2442 311 2516 ὃς
344 2440 404 2473 VI.
434 2441 508 2475 Liv.
533 2440 621 2484 Epir.
652 2437 797 2482 Appiam.
818 2437 898 2474 Dio.
921 2437 943 2482 §
970 2437 1048 2473 vu.
1077 2437 1156 2471 Dio,
1179 2435 1327 2481 Appian.
1354 2433 1454 2468 Oros.
1480 2434 1522 2475 ὁ,

239 2493 260 2516 ι
291 2506 298 2516 .
