1617 2963
247 190 315 224 ιο
374 174 471 225 JO.
513 173 1029 224 FREINSHEMII
1067 172 1435 227 SUPPLEMs

251 278 345 320 litus
370 279 690 330 impingebantur.
725 278 875 317 Saevum
905 277 1047 317 deinde
1067 278 1172 318 diem
1199 279 1335 319 tristior
1362 292 1439 320 nox
1464 286 1534 320 exi

250 341 379 391 cepit,
409 340 630 379 intendente
663 339 699 378 se
729 348 873 387 vento,
910 341 945 378 6<
971 338 1139 380 tenebris
1169 341 1419 391 conspectum
1443 344 1533 382 adi-

246 401 455 441 mentibus.
478 403 558 449 jam
587 399 738 450 pridem
770 400 874 440 enim
895 399 1041 441 aurium
1065 398 1149 439 usus
1173 402 1354 451 perierat,
1375 404 1533 453 nequid-

244 479 366 516 quam
395 470 580 504 contento
610 462 777 502 clamore
806 463 1028 513 petentibus
1055 477 1193 514 opem,
1223 478 1387 515 quorum
1415 477 1531 504 voces

246 537 452 568 ventorum
470 527 734 576 fluetuumque
758 525 912 572 stridor,
930 527 966 566 ἀ
983 526 1195 576 repercussu
1219 527 1410 565 montium
1435 524 1534 568 muL

248 590 411 640 tiplicati
448 590 626 629 fremitus
667 587 897 627 obruebant.
943 589 1068 628 Etiam
1103 590 1210 628 aestus
1240 589 1299 628 his
1329 589 1532 628 accesserat

245 650 360 690 :malis
378 680 389 699 ‚
417 652 454 690 δε
480 663 528 688 ex
563 647 723 688 navibus
746 657 942 698 utcunque
968 648 1154 698 servatos,
1182 650 1222 687 in
1248 658 1344 688 terra
1378 661 1531 698 quoque

246 712 390 752 :fluetus
423 711 547 749 infesti
580 709 924 758 consequebantur.
952 709 1130 749 Tandem
1157 720 1363 760 appetente
1387 710 1449 748 die
1476 722 1532 748 re-

243 775 348 815 misit
368 784 525 822 ventus,
562 775 596 813 Sc
623 773 690 814 sub
719 771 804 811 solis
831 780 957 811 ortum
990 771 1104 822 plane
1135 772 1302 824 quievit,
1340 772 1451 811 undis
1477 781 1530 811 ta*

244 851 337 879 :men
365 837 493 876 adhuc
516 836 582 875 diu
607 833 871 883 saevientibus3
904 834 1069 873 atrocior
1095 835 1200 874 enim
1224 835 1426 884 tempestas
1447 834 1530 872 fue-

243 908 331 948 ιειῑ,
367 911 482 948 quam
522 897 653 938 vidisse
686 897 862 936 locorum
894 896 1052 936 istorum
1078 896 1218 937 accolae
1245 910 1413 948 unquam
1442 909 1532 935 me·-

242 959 457 1003 miniffent.

302 1023 399 1064 XX.
437 1022 559 1073 Igitur
589 1020 734 1069 Caesar,
757 1021 903 1070 majore
941 1019 1148 1060 hominum
1182 1030 1319 1071 parte,
1349 1022 1385 1061 δε
1418 1019 1529 1061 classe

240 1098 357 1137 paene
385 1083 556 1123 universa
581 1081 811 1129 muletatus,
839 1082 1007 1132 depofita
1039 1082 1104 1132 spe
1136 1083 1332 1133 potiundae
1366 1084 1407 1121 in
1437 1095 1534 1132 praeq

241 1147 332 1187 sens
370 1145 534 1193 Siciliae,
574 1146 709 1184 eadem
747 1143 876 1183 adhuc
912 1146 1025 1184 noc‘te
1061 1145 1250 1195 Vibonem
1286 1145 1530 1195 properavit,

242 1222 330 1250 :oon
358 1208 541 1248 sustinens
573 1208 833 1246 calamitatem
871 1207 1038 1254 intueri,
1067 1207 1127 1246 cui
1155 1207 1365 1246 remedium
1395 1205 1531 1245 afferre

242 1284 327 1311 :non
356 1278 536 1321 poterat:
562 1268 784 1319 scriptisque
805 1268 854 1307 ad
879 1263 1023 1309 amieos
1047 1272 1082 1309 ἃ
1108 1270 1224 1308 duces
1251 1269 1392 1317 literis,
1411 1269 1532 1321 praeslo

241 1334 308 1386 effi
331 1333 434 1383 juffit
453 1347 583 1371 omnes.
615 1333 774 1372 Interim
805 1345 901 1381 quos
931 1332 1061 1371 secum
1089 1332 1257 1372 habebat
1290 1332 1428 1371 milites
1460 1331 1532 1368 cir-

243 1409 340 1439 cum
376 1395 564 1434 maritima
602 1394 772 1444 praefidia
813 1394 977 1442 dimiffl,
1017 1407 1065 1433 ne
1109 1395 1338 1444 pompejus,
1370 1391 1529 1432 vic‘toria

241 1458 370 1499 faetus
389 1457 568 1506 alacrior,
589 1460 626 1496 in
649 1456 799 1497 Italiam
827 1457 1064 1506 irrumperet.
1094 1453 1168 1496 Sed
1192 1456 1254 1495 ille
1279 1469 1327 1494 ne
1348 1455 1527 1505 reliquias

243 1520 405 1570 quidem
431 1518 548 1557 cladis
568 1518 756 1567 impedire
785 1527 942 1556 conatus
973 1517 1051 1564 est,
1076 1530 1152 1566 quo
1179 1517 1321 1563 minus,
1342 1524 1385 1554 ut
1415 1524 1530 1565 pote·

243 1590 356 1627 rant,
378 1579 536 1619 funibus
561 1579 783 1630 colligantes
803 1579 959 1618 navium
985 1579 1097 1617 rimas
1113 1609 1126 1625 ,
1149 1578 1338 1617 Vibonem
1363 1577 1532 1616 secundo.

244 1652 369 1682 vento
399 1642 629 1690 defluerent3
661 1649 806 1681 tantum
833 1641 958 1689 abest,
992 1650 1035 1679 ut
1064 1641 1112 1679 de
1145 1639 1359 1678 continenti
1384 1639 1529 1688 cogita-

245 1714 330 1750 ret,
351 1704 505 1743 suorum
533 1702 620 1742 satis
655 1716 741 1742 acer
767 1702 964 1751 defensor,
985 1703 1035 1742 ad
1063 1702 1184 1740 aliena
1218 1700 1437 1740 invadenda
1464 1699 1528 1738 se-

246 1764 343 1816 gnis.
385 1764 508 1814 Igitur
540 1762 688 1810 Caesar,
726 1762 995 1803 deficientibus
1034 1762 1083 1800 ad
1117 1763 1341 1812 Pompcjum
1367 1762 1524 1810 vicinis,

245 1824 495 1876 Liparenses,
516 1838 564 1864 ex
598 1824 718 1864 insula
743 1824 952 1874 Neapolim
983 1824 1210 1872 translatos,
1236 1824 1288 1863 ibi
1315 1825 1451 1874 degere
1478 1824 1534 1864 ad

244 1888 366 1929 finem
387 1885 479 1926 belli
506 1887 642 1936 coegit.
680 1885 787 1935 Ipse,
815 1886 902 1936 quia
926 1887 962 1924 &
986 1886 1149 1935 pecunia
1175 1898 1271 1935 opus
1299 1888 1438 1931 erate&
1460 1899 1526 1924 na,

245 1948 382 1994 vibus,
406 1947 521 1997 iisque
542 1946 672 1985 multis
699 1948 734 1986 &
757 1945 929 1985 celeriter
944 1976 955 1993 ‚
985 1958 1110 1995 neque
1133 1945 1316 1996 populus,
1334 1946 1436 1984 fame
1458 1947 1528 1993 ite·

247 2023 335 2051 rum
368 2017 551 2059 urgente,
579 2008 724 2047 bellum
756 2016 798 2047 ut
833 2016 964 2049 contra
992 2008 1140 2048 foedera
1172 2007 1387 2056 susceptum
1421 2007 1529 2045 obte-

245 2086 360 2121 rens,
391 2072 564 2110 conferre
597 2071 808 2121 quidquam
839 2068 1025 2118 volebat3
1068 2068 1321 2108 maecenatem
1350 2067 1390 2105 in
1427 2068 1527 2106 (ἱππ,

248 2135 345 2175 <ziam
377 2133 495 2180 milit,
526 2132 771 2183 pertrahendi
799 2132 848 2171 ad
873 2129 1020 2170 bellum
1056 2130 1209 2170 Antonii
1247 2129 1368 2168 causa.

314 2196 426 2236 XXI„
463 2195 515 2235 Ea
539 2195 619 2245 spes
645 2194 670 2233 fi
710 2192 927 2241 fefellisset,
956 2191 1126 2242 legiones
1161 2192 1345 2230 onerariis
1376 2191 1527 2239 trajice.

246 2270 315 2306 re,
342 2256 562 2307 bellumque
585 2266 681 2298 terra
713 2268 865 2306 gerere,
894 2257 1082 2303 majorum
1112 2252 1288 2303 exemplo
1320 2252 1529 2302 cogitabat-¹

243 2321 335 2360 Erat
369 2319 555 2358 Antonius
591 2318 630 2356 in
664 2316 885 2366 procinctu,
910 2324 952 2354 ut
976 2314 1121 2354 Parthis
1154 2315 1227 2353 iret
1252 2313 1416 2352 obviam.
1462 2312 1525 2359 Id,-

245 2385 347 2421 circo
363 2381 574 2420 Nlaecenate
589 2392 678 2418 cum
698 2379 796 2417 bona
812 2377 875 2428 spe
891 2377 1062 2425 dimiffo,
1080 2390 1100 2416 e
1128 2376 1229 2415 sacra
1254 2376 1339 2415 olea
1360 2374 1525 2415 Athenis.

297 2497 321 2539 5
346 2498 439 2532 >zue
468 2497 616 2542 Appiam.
641 2496 722 2530 1220.
752 2496 774 2540 5
795 2495 870 2530 xx.
894 2494 999 2530 Oros.
1020 2493 1061 2535 6,
1085 2493 1138 2528 ιε.
1158 2492 1240 2527 Dm.
1263 2490 1411 2536 Appiam.
