1617 2963
179 169 254 215 m
296 168 472 217 Loc.
515 165 940 214 L113.cxxxv1
993 168 1131 216 mv,
1230 184 1325 233 255

45 275 234 328 prioribus
263 275 426 326 proeliis,
456 287 568 325 quam
594 275 748 322 irritati,
773 274 1070 326 comprehensos
1095 277 1133 314 in
1155 275 1238 326 ripa
1261 276 1327 316 sua

45 339 244 379 Romanos
264 340 302 377 in
329 350 482 376 crucem
507 349 673 387 egerant.

126 401 270 440 XLIX.
312 401 397 439 Hoc
429 400 547 437 veluti
579 398 812 437 sacramento
842 399 1002 439 collecta
1029 402 1161 451 ingens
1191 413 1328 440 manus

44 462 225 502 Rhenum
262 473 351 500 mox
386 460 603 508 tranfierat3
642 460 860 510 vastataque
894 462 1066 509 proxima
1101 470 1208 512 parte
1242 462 1330 501 Gal-

46 522 187 561 liarum
211 550 224 570 ,
262 534 310 560 ne
350 521 547 560 Germanis
591 520 750 570 quidem
800 522 1026 568 jamdudum
1071 522 1329 562 incolentibus

45 596 270 637 parcentes,
302 586 513 635 equitatum
540 584 806 623 Romanorum
831 584 909 623 astu
942 586 1245 625 circumventum
1272 587 1332 625 fu-

47 649 212 694 derunt,
239 648 290 686 ad
319 646 397 696 ipsa
429 645 543 695 usque
572 645 687 684 Lollii
724 646 863 690 castra,
896 648 988 684 dum
1016 648 1248 697 fugientibus
1274 651 1332 687 in-

43 709 167 757 stant,
196 717 329 757 praeter
368 706 605 757 propolitum
643 705 808 746 deducti.
854 705 954 746 Tum
985 720 1098 756 vero,
1132 709 1330 759 postquam

44 768 300 820 perniciosum
338 767 403 806 sibi
449 767 620 805 futurum
654 779 818 805 errorem
854 768 1006 816 videre,
1042 768 1067 806 fi
1095 768 1327 820 faterenturg

46 834 188 872 eodem
217 832 362 881 impetu
394 830 562 869 Lollium
601 838 865 870 occurrentem
904 831 1085 881 aggresti,
1111 835 1256 881 majore
1276 842 1331 871 ta-

47 907 137 934 men
166 895 399 945 ignominia,
429 906 543 943 quam
573 891 706 939 clade,
743 893 988 943 repulerunt,
1016 895 1139 943 aquila
1168 895 1332 946 legionis

48 957 189 1006 quintae
225 956 354 1005 potiti.
394 953 513 1003 Igitur
545 953 751 1002 Augustus,
784 954 847 993 sua
891 956 1085 1004 praesentia
1123 971 1219 1007 opus
1257 957 1330 996 eise

47 1017 290 1065 existimans,
323 1028 436 1065 quem
472 1016 623 1053 interim
656 1015 740 1054 urbi
775 1016 970 1067 Italiaeque
1002 1017 1232 1068 praeficeret,
1263 1019 1333 1057 du-

47 1078 205 1116 bitabat.
234 1077 286 1116 M.
321 1075 486 1115 Valerius
516 1075 687 1116 Messalla
710 1077 940 1126 praef'efturae
960 1092 1129 1127 nomen,
1158 1080 1227 1119 fibi
1257 1081 1332 1131 pri„

47 1151 112 1176 mo
138 1138 329 1183 delatum,
354 1137 436 1185 post
466 1149 610 1186 paucos
638 1136 718 1174 dies
739 1137 992 1186 deposuerat,
1019 1140 1247 1190 potestatem
1272 1142 1331 1179 nia

49 1204 167 1240 miam
197 1202 230 1238 &
260 1197 458 1236 incivilem
487 1209 661 1235 exercere
697 1196 856 1237 nescius.
892 1200 947 1239 M.
974 1202 1177 1250 Agrippam
1202 1204 1241 1238 in
1266 1203 1333 1249 Sy-

49 1265 143 1301 riam
175 1258 416 1305 remittebat,
445 1259 486 1298 C.
519 1259 770 1299 Maecenatem
807 1262 994 1300 comitem
1025 1271 1104 1301 erat
1134 1252 1332 1301 habitur'usi

50 1322 102 1362 ob
126 1321 371 1368 Terentiam,
387 1319 451 1358 sed
472 1321 507 1359 &
526 1319 751 1368 Tiberium,
771 1335 1001 1371 quamquam
1026 1322 1210 1361 urbanum
1240 1335 1333 1372 prze-

54 1393 202 1432 torem‚
231 1384 412 1421 ducturus
439 1382 479 1420 in
507 1381 672 1420 Galliam
700 1391 801 1430 erat3
827 1396 950 1434 eoque
978 1397 1044 1434 per
1074 1384 1237 1424 Drusum
1263 1386 1331 1423 im-

53 1448 151 1498 pleri
200 1446 458 1496 magistratum
513 1444 623 1485 illum
644 1475 656 1493 ,
704 1444 1027 1486 senatusconsulto
1077 1447 1299 1498 interposito
1316 1478 1332 1496 2

55 1510 240 1550 voluerat.

110 1573 152 1613 L.
183 1573 333 1612 Idcirco
363 1569 555 1609 Statilium
582 1570 776 1616 Taurum,
800 1569 928 1610 senem
955 1570 1252 1622 triumphalem,
1276 1571 1335 1611 di=

55 1647 173 1686 gnum
202 1646 248 1672 co
277 1634 362 1672 loco
390 1631 562 1678 censuit,
588 1633 694 1680 cujus
723 1633 927 1671 ministerio
952 1633 992 1671 in
1019 1634 1240 1683 graviffimis
1270 1646 1337 1672 nee·

56 1697 166 1747 gutiis
193 1694 279 1734 usus
311 1695 459 1732 fuerat:
491 1703 563 1731 nec
588 1693 726 1742 judicii
756 1693 870 1734 falsus
896 1694 958 1733 est.
989 1694 1083 1743 Quae
1110 1708 1183 1733 nox
1209 1694 1331 1744 prima

54 1757 336 1809 profectionem
363 1753 513 1794 Caesaris
549 1753 676 1793 secuta
707 1754 780 1802 est,
821 1755 1000 1794 incendio
1029 1755 1163 1794 urbem
1199 1766 1333 1795 exter-

54 1819 151 1857 ruit:
191 1831 268 1867 quo
303 1817 515 1865 Juventatis
552 1816 590 1854 in
634 1815 741 1855 Velia
779 1817 967 1867 templum
1005 1818 1115 1858 arfit:
1150 1820 1186 1858 δε
1216 1817 1332 1868 paulo

55 1888 169 1924 ante,
187 1887 318 1927 praeter
343 1891 410 1925 ea,
427 1890 509 1927 quae
534 1876 642 1927 supra
663 1880 982 1926 memoravimus,
1008 1878 1120 1928 lupus
1139 1879 1198 1917 via
1221 1880 1333 1918 Sacra,

57 1942 98 1978 in
125 1939 252 1978 forum
285 1948 544 1988 procurrerat,
567 1938 788 1978 hominibus
822 1939 970 1989 aliquot
993 1940 1134 1978 occifis.
1158 1952 1230 1978 nec
1245 1953 1333 1990 pro-

57 2001 119 2041 cul
149 2001 232 2040 foro
260 2014 397 2051 magna
431 2002 486 2039 vis
520 2000 793 2049 formicarum,
824 2001 863 2039 in
895 2001 1060 2051 speciem
1095 2001 1258 2051 agminis
1282 2001 1332 2040 ad

58 2063 239 2115 proelium
278 2064 402 2102 euntis
434 2063 472 2102 se
500 2063 807 2112 conglobaverat.
846 2063 939 2103 Haec
968 2063 1141 2114 prodigia
1170 2063 1331 2102 aliorum

58 2125 270 2176 pietatem,
305 2124 467 2163 aliorum
502 2124 762 2163 adulationem
806 2125 1080 2173 adverterunt,
1112 2124 1334 2174 senatusque

60 2185 279 2225 consultum
307 2186 477 2233 factum,
515 2187 565 2222 uti
599 2201 660 2237 pro
695 2185 806 2223 reditu
839 2185 988 2237 Augusti
1014 2199 1101 2225 vota
1121 2187 1336 2239 susciperen-

59 2261 125 2286 tur.
161 2246 317 2285 Interim
351 2247 386 2285 &
408 2245 708 2295 quinquennales
735 2245 871 2294 ludos,
898 2256 1052 2297 propter
1076 2248 1333 2297 principatum

8 2326 10 2332 v
60 2311 143 2358 ejus
170 2318 281 2346 votos
298 2337 309 2355 ‚
327 2307 385 2347 M.
410 2309 576 2359 Agrippa
591 2307 707 2355 fecit,
730 2320 858 2347 recens
884 2309 924 2347 in
946 2308 1150 2360 collegium
1176 2310 1335 2358 quinde-

61 2370 165 2419 cim,
194 2372 301 2418 cujus
331 2379 413 2408 tum
449 2371 550 2409 vices
588 2370 747 2421 curandi
775 2369 886 2410 ludos
914 2384 978 2410 eos
1014 2382 1143 2419 erant,
1169 2373 1335 2411 virorum

110 2487 137 2534 fi
168 2488 285 2523 XLIX.
307 2488 450 2523 Sueton.
473 2488 508 2522 in
529 2489 616 2533 Aug.
639 2500 669 2523 c.
695 2498 749 2533 23.
774 2488 897 2530 Vellei.
921 2499 959 2530 2,
979 2498 1034 2531 97.
1058 2487 1141 2523 Dio.
