1617 2963
254 209 347 250 202
413 202 504 252 JO.
546 202 1042 250 FREINSHEMII
1078 204 1439 254 SUPPLEM.·

253 311 450 359 excutiam,
474 311 615 363 optimis
641 311 828 364 quibusque
849 326 917 350 non
936 312 1005 364 (issi
1025 327 1098 350 cum
1119 313 1536 366 imperiossdeclinandumss

320 371 425 411 XCI.
455 372 580 411 Etiam
608 373 739 424 insidiis
759 387 810 411 me
825 373 970 425 petitum
993 373 1054 426 effe
1071 373 1199 425 scitis:
1225 375 1357 427 iniquis
1376 375 1535 428 profea‘k.

253 435 328 472 Sed
354 445 454 472 tanto
493 434 608 486 magis
636 435 730 473 exire
763 435 875 473 locum
898 449 1066 487 propem,
1099 447 1202 475 tanta
1225 437 1380 488 pericula
1405 452 1445 475 ne
1467 450 1534 476 me·

248 494 403 532 rentibus
440 494 574 545 quidem
614 494 813 547 affirentem.
873 495 964 533 Hcec
997 493 1104 548 igitur
1135 497 1226 534 ratio
1255 498 1438 549 probanda
1471 496 1547 534 erit'

251 555 433 603 omnibus,
469 569 543 608 quae
576 557 610 595 6³
643 557 728 595 miln'
755 558 975 611 securitatem
1009 571 1083 595 cum
1110 558 1250 610 gloria,
1289 559 1324 597 δ’
1351 558 1536 598 utilitatem

251 615 395 667 imperio
423 616 521 670 affin
533 633 550 666 ,·
582 620 724 670 quando
751 633 836 656 certe
873 619 997 656 melius
1027 620 1087 671 est,
1113 619 1244 670 jum‘lis
1277 620 1430 672 plurium
1454 633 1533 658 con-

245 680 366 730 siliis,
393 696 494 733 quam
519 683 626 720 unius
652 695 739 721 nutu
762 684 1004 735 administrari.
1036 685 1126 734 Quae
1144 697 1219 721 cum
1242 683 1296 721 ita
1305 685 1404 734 fiat,
1430 696 1535 721 unam

253 742 344 779 lianc
367 758 431 795 pro
463 755 515 782 tot
550 745 727 782 laboribus
750 745 794 782 ab
825 759 1027 796 unoquoque
1047 746 1189 796 vestrum
1213 746 1364 796 gratiam
1388 757 1536 796 expeto,

250 807 377 857 ¹vosque
411 820 515 858 rogo,
541 822 582 845 ne
608 808 692 845 mihi
722 809 916 860 quietiorem
939 809 1150 860 postmodum
1174 810 1287 846 aHuro
1309 809 1421 844 vitam
1445 808 1539 845 invi-

247 867 375 906 dentis.
413 869 499 906 Non
535 869 698 919 imperare
728 880 890 915 tantum,
917 869 985 921 sed
1017 870 1052 906 ἐξ)
1073 883 1190 920 parere
1234 869 1346 920 (milti
1375 867 1533 915 credite)

241 929 346 981 scio:
370 946 430 969 nec
450 933 539 969 enim
552 934 710 984 cuiquam
728 932 869 983 praecepi
884 961 895 979 ‚
919 932 987 982 nisi
1006 934 1118 984 quod,
1135 933 1318 984 imperante
1340 933 1430 979 alio,
1448 931 1535 969 milii

245 1007 380 1046 quoque
405 993 617 1045 faciundum
653 995 902 1047 existimaffem.
935 996 1110 1047 Equidem
1123 997 1160 1046 si
1173 1010 1236 1047 pro
1263 1010 1338 1033 mea
1363 995 1535 1047 confisien-

245 1055 325 1102 tia,
358 1057 528 1108 vestroque
545 1056 673 1108 favore
699 1058 833 1110 fingere
857 1057 943 1094 mihi
963 1058 1124 1109 futuram
1160 1059 1393 1104 conditionem
1428 1057 1533 1103 licet;

241 1119 320 1170 fine
350 1121 555 1168 metu‚sine
574 1121 729 1171 periculo
753 1121 932 1171 privatam
961 1121 1053 1172 inter
1077 1135 1142 1161 vos
1169 1122 1306 1160 aelurus
1339 1121 1450 1158 vitam
1480 1120 1536 1156 vi-

245 1181 329 1217 deor
342 1197 351 1219 .·
366 1181 403 1229 st
419 1181 506 1231 quid
516 1182 619 1233 ficus
641 1181 802 1228 accidat,
824 1182 917 1234 (nec
942 1181 1033 1219 enim
1047 1196 1138 1219 unus
1163 1183 1261 1220 homo
1274 1212 1285 1230 ,
1302 1193 1351 1219 tot
1370 1180 1536 1233 confeflis

245 1243 305 1280 civ
322 1242 413 1280 libus
437 1244 536 1282 bellis
553 1273 563 1292 ,
601 1244 702 1282 toties
735 1245 858 1297 affirta
886 1257 1006 1283 contra
1031 1245 1245 1282 voluntatem
1274 1245 1454 1282 multorum
1486 1259 1536 1281 re-

245 1303 414 1356 publica,
454 1306 563 1344 vitare
597 1304 746 1358 offensas
779 1307 928 1344 omnium
961 1305 1143 1357 potuerit)
1180 1306 1259 1343 bene
1292 1306 1422 1345 habet.-
1449 1305 1534 1343 mori

243 1367 367 1417 potius
401 1378 479 1404 ante
520 1378 653 1419 tempus
684 1367 847 1418 privatus
878 1368 1006 1419 cupio,
1041 1380 1144 1419 quam
1188 1367 1317 1418 regium
1355 1365 1534 1418 imperium

245 1427 285 1465 in
311 1429 403 1466 cives
429 1442 520 1466 meos
550 1428 736 1478 diutrffime
754 1429 915 1468 obtinere.

309 1497 433 1538 XCII.
470 1499 571 1549 Quid
601 1500 690 1537 enim
719 1498 850 1537 evenire
880 1499 965 1537 milii
997 1501 1046 1539 ad
1081 1500 1217 1538 laudem
1250 1499 1422 1554 efficacius
1448 1500 1533 1551 post

237 1559 318 1611 fit,
347 1575 449 1612 quam
482 1559 693 1611 intersellum
729 1574 778 1598 me
803 1574 871 1599 non
897 1563 940 1599 ob
971 1562 1075 1601 aliud
1096 1564 1133 1600 in
1159 1562 1306 1613 privata
1334 1562 1532 1600 conditione

237 1621 352 1673 ferri,
379 1636 481 1674 quam
507 1638 549 1660 ne
576 1623 613 1659 in
637 1637 738 1675 regno
771 1639 971 1675 quemquam
1002 1626 1186 1676 interficere
1210 1627 1372 1676 cogerer?
1398 1625 1451 1662 Et
1466 1637 1541 1676 pro,

244 1684 341 1722 brevi
370 1685 449 1722 vita
480 1684 690 1737 sempiterna
719 1686 805 1724 mihi
831 1686 973 1739 gloria,
1005 1696 1080 1726 curn
1118 1686 1248 1723 ultione
1282 1685 1427 1738 publica
1452 1699 1533 1723 con-

247 1746 393 1798 tingent.
415 1748 699 1799 quemadmodum
732 1747 768 1785 6·
790 1760 894 1801 pater
920 1762 1014 1787 meus
1041 1748 1182 1800 coelestes
1213 1749 1356 1786 honores
1384 1748 1532 1798 adeptus

248 1809 311 1860 est,
342 1809 550 1860 percuffires
582 1809 659 1863 ejus
683 1809 799 1862 juga,
837 1823 970 1858 morte,
1008 1810 1160 1862 infhmia
1198 1824 1322 1862 poenas
1362 1811 1535 1850 dederunt.

246 1870 424 1908 Mortales
458 1872 610 1922 equidem
645 1886 762 1909 omnes
798 1874 950 1924 sumus:
982 1874 1043 1925 sed
1083 1886 1187 1923 quam
1224 1884 1351 1909 natura
1388 1873 1533 1923 negavit

247 1932 560 1979 immortalitatem,
580 1933 680 1971 bonis
708 1933 819 1985 fabiis
836 1963 848 1982 ‚
875 1935 1021 1986 vitatque
1051 1936 1280 1986 consentanea
1308 1945 1411 1972 morte
1442 1948 1533 1972 nan-

246 1994 414 2046 cifiimur.
457 1995 543 2032 Hac
578 1993 686 2046 igitur
699 1996 764 2047 spe
790 2007 892 2047 atque
914 1996 1053 2046 fiducia
1080 1997 1181 2034 reddo
1207 1995 1309 2034 vobis
1347 1995 1531 2046 rempubli-

246 2071 348 2103 cam,
373 2057 500 2094 Patres
529 2057 711 2108 confiripti
730 2074 742 2096 ,-
770 2071 871 2109 quam
900 2059 953 2109 fic
981 2058 1168 2110 accipiatis
1198 2057 1301 2095 velim
1318 2087 1328 2103 ‚
1361 2069 1399 2094 ut
1426 2068 1531 2108 neque

244 2117 332 2155 mole
367 2131 522 2155 curarum
565 2118 782 2164 terreamini,
815 2134 922 2170 neque
955 2119 1095 2167 facilem
1133 2132 1233 2171 atque
1265 2118 1532 2170 perfunHoriam

244 2191 352 2217 rerum
376 2179 612 2217 tractationem
629 2179 709 2230 fhre
732 2180 900 2232 cogitetis.
935 2181 1037 2232 Quid
1059 2194 1172 2220 autern
1193 2191 1291 2218 vetat
1319 2193 1368 2216 me
1392 2179 1433 2215 de
1448 2192 1531 2231 par-

246 2241 344 2279 tibus
367 2255 498 2292 quoque
523 2241 752 2279 nobilioribus
768 2255 940 2295 praecepta
966 2244 1068 2281 vobis
1089 2243 1244 2295 quaedam
1264 2242 1418 2286 tradere,
1442 2240 1530 2291 quid

243 2302 325 2353 fieri
345 2303 533 2352 expediat,
562 2301 635 2354 ἱρῇ)
663 2318 760 2355 opere
789 2303 917 2355 usuque
932 2333 943 2352 .,
968 2305 1035 2355 nisi
1061 2304 1147 2356 quid
1160 2302 1299 2354 fallor,
1318 2302 1497 2341 edollum?

309 2370 456 2410 XCHL
494 2370 678 2424 Principio
707 2372 812 2424 igitur
845 2373 936 2424 leges
972 2371 1180 2411 immutabili
1217 2370 1436 2423 observantia
1468 2382 1525 2407 co-

245 2431 317 2469 lite.
347 2431 532 2482 plurimum
568 2432 604 2469 in
640 2432 703 2470 hoc
733 2447 800 2470 utto
826 2433 996 2471 utilitatis
1027 2434 1092 2482 est,
1118 2431 1153 2469 δ’
1170 2431 1316 2483 felicius
1345 2440 1456 2480 agunt
1474 2428 1525 2465 ci-¹

247 2492 391 2542 vitates,
412 2507 484 2547 quae
506 2494 599 2548 leges
623 2494 727 2533 etiam
748 2495 871 2548 aliqua
889 2506 988 2548 parte
1008 2493 1164 2546 'vitiosas
1183 2503 1374 2532 reverentur
1386 2510 1401 2538 ‚-
1423 2502 1526 2543 quam
