1617 2963
229 166 318 225 146
387 165 476 212 ιο.
530 136 1029 210 FRfflNsHEMu
1066 163 1424 233 SUPPLEM.·

226 273 441 312 mox-decim
472 283 538 320 per
563 269 776 311 Antonium
801 270 841 308 in
878 282 984 321 reges
1014 271 1115 321 ipsos
1148 271 1403 324 plurimasque
1427 286 1500 325 ¹naa
1568 296 1592 326 >1

227 336 350 374 tiones
379 334 582 384 imperium
611 332 747 372 tenuit.

295 394 414 434 LXII.
458 393 623 441 Antonio
654 391 828 432 nonnulli
857 401 930 432 tres
961 395 996 433 &
1021 393 1292 445 quinquaginta
1327 394 1501 435 tribuunt

227 470 347 497 annos
373 457 481 495 vitae:
508 454 572 494 alii
598 455 803 494 triennium
828 456 877 495 ad
907 468 1107 495 numerum
1130 457 1362 506 adjecerunt.
1393 459 1503 506 cujus

229 520 278 561 de
301 512 452 569 ingenio
489 519 742 573 fortunaque»,
767 531 925 568 quarum
950 531 1074 557 rerum
1102 518 1246 559 nescias
1279 528 1361 559 utra
1388 519 1505 559 fuerit

227 581 472 630 mutabilior‚
500 582 580 633 post
612 590 670 619 tot
705 580 895 631 utriusque
921 582 1155 621 documenta
1185 581 1301 622 relata
1332 582 1504 621 differem
1565 607 1570 611 -

229 643 321 693 quid
337 643 472 681 attinet
483 637 507 680 ⁶?
530 642 718 691 imagines
740 643 822 690 eju-s
846 642 1048 692 statuaeque
1071 643 1247 682 detractae
1265 642 1349 681 sunt
1364 645 1398 683 ἃ
1414 642 1507 682 abo-

228 695 325 751 }itae3
346 703 553 754 Cleopatrae
577 703 819 757 manserunt,
844 702 1046 750 redemtae,
1071 711 1112 742 ut
1128 703 1278 751 ferunt,
1304 704 1351 742 ab
1375 702 1507 743 Archi.

227 767 294 807 bio
322 768 490 816 quodam
516 764 622 804 mille
646 764 812 804 talentis.
840 765 872 802 is
898 765 994 802 inter
1021 764 1167 803 amicos
1198 765 1336 816 reginae
1361 764 1507 813 fuerat,

230 831 504 878 caritatemque
530 827 627 866 bene
653 821 701 865 de
722 825 763 873 ‚se
784 825 953 873 meritae,
974 827 1077 875 quod
1099 826 1209 866 bonis
1234 826 1393 878 ingeniis
1414 826 1509 866 soli-

229 899 336 939 tum,
360 890 443 941 post
467 899 630 929 mortem
664 890 745 936 ejus
776 883 976 927 retinebat.
1009 887 1188 936 Ceterum
1215 900 1315 928 mors
1348 888 1511 938 Cleopa-

231 963 299 994 trae
328 952 528 993 Caesarioni
553 964 705 1002 quoque
737 950 853 989 exitio
879 945 961 988 fuit.
993 950 1129 1005 ajunt„
1148 950 1193 988 ab
1211 950 1308 988 Areo
1327 949 1509 1003 impulsicm

230 1017 294 1070 qffe
333 1018 522 1069 Caesarem,
553 1014 612 1066 qui
656 1025 781 1065 notam,
804 1012 978 1064 principis
1003 1024 1112 1063 poetae
1142 1013 1350 1065 sententiam
1387 1014 1507 1051 Addu-

229 1072 356 1126 tendo,
390 1077 524 1115 minime
556 1075 673 1113 utilem
703 1072 1069 1126 effistPolycaesariem
1095 1072 1237 1111 dixerit.
1282 1072 1360 1123 Ego
1385 1073 1510 1112 moni-

231 1150 316 1181 tore
350 1138 445 1179 nihil
480 1136 679 1188 indiguiss'e
705 1132 954 1184 crediderim,
988 1135 1037 1174 ad
1075 1133 1313 1184 tollendum,
1343 1137 1407 1187 qui
1433 1137 1513 1179 (ἕως

230 1205 313 1246 sare
355 1204 542 1243 dicffatore
576 1202 726 1252 genitus
763 1199 836 1239 esse
882 1200 1167 1250 praedicaretur.
1207 1199 1349 1239 Ceteris
1381 1209 1511 1240 autem

228 1267 391 1308 Antonii
424 1265 575 1312 liberis,
608 1265 727 1303 etiam
759 1274 854 1312 quos
880 1274 929 1301 ex
956 1260 1162 1311 Cleopatra
1192 1259 1406 1312 sustulerat,
1430 1275 1510 1301 non

228 1327 403 1377 pepercit
437 1325 579 1371 modo,
616 1323 679 1362 sed
717 1334 874 1361 omnem
906 1321 1217 1375 benevolentiam
1261 1321 1507 1372 favoremque

230 1388 428 1439 praestitit,
452 1395 494 1426 ut
523 1383 674 1424 felicior
706 1385 747 1422 in
783 1383 937 1434 posteris
967 1383 1075 1423 fuisse
1107 1383 1318 1432 Antonius,
1342 1396 1454 1434 quam
1472 1384 1512 1422 in

231 1450 337 1498 vita,
368 1449 555 1488 videatur.

301 1512 444 1553 LXIII.
476 1512 575 1552 Nam
613 1517 746 1560 praeter
773 1508 868 1548 alios
903 1507 1059 1548 summae
1091 1509 1271 1559 potentiae
1305 1507 1512 1559 gloriaeque

231 1573 357 1621 viros,
387 1574 502 1611 etiam
528 1583 718 1621 pronepos
745 1573 852 1620 ejus,
879 1569 1019 1615 deinde
1040 1583 1184 1621 nepos,
1212 1570 1416 1620 imperium
1443 1583 1511 1620 po-

232 1634 317 1685 puli
352 1634 517 1673 Romani
548 1632 809 1673 obtinuerunt.
846 1632 923 1683 Sed
958 1644 1116 1672 omnem
1144 1631 1247 1672 suam
1290 1632 1513 1673 felicitatem

234 1697 405 1737 Ostaviae
440 1693 632 1745 praecipue
661 1694 904 1733 debuerunt:
939 1706 1020 1744 quae
1048 1693 1283 1744 ingratiffimi
1320 1694 1387 1733 viri
1420 1693 1515 1732 libe-

234 1768 297 1794 ros
328 1767 405 1793 non
439 1754 618 1792 educavit
650 1753 769 1792 modo
810 1761 979 1792 materna
1014 1764 1128 1803 cura,
1163 1753 1226 1792 sed
1258 1756 1373 1793 etiam
1410 1755 1515 1806 apud

234 1817 390 1856 fratrem
430 1816 527 1855 fovit
557 1824 670 1865 atque
707 1817 914 1865 promovit.
947 1816 1033 1856 Fuit
1073 1817 1176 1856 enim
1208 1819 1403 1867 egregium
1431 1829 1517 1856 ma·

234 1877 396 1918 tronalis
425 1877 572 1916 virtutis
605 1876 828 1927 exemplum
858 1878 1051 1917 Octavia:
1075 1879 1182 1917 ‘unde
1210 1880 1245 1917 δε
1272 1878 1375 1916 fratri
1409 1877 1519 1917 caris-

236 1942 328 1981 sima
363 1939 457 1987 fuit,
495 1941 530 1979 &
562 1938 666 1988 apud
693 1947 867 1977 externos
905 1939 1021 1978 etiam
1056 1937 1095 1977 in
1125 1947 1232 1978 tanto
1269 1939 1441 1987 honore,
1473 1948 1519 1978 ut

239 2001 434 2043 Corinthii
470 2000 625 2049 quidem
651 1999 683 2038 ei
710 1999 900 2050 templum
929 1999 1177 2039 exaedificaffe
1218 1999 1403 2050 legantur.
1432 2001 1517 2040 Hac

238 2066 355 2116 igitur
379 2064 564 2110 faciente,
593 2062 713 2102 Caesar
739 2060 1003 2111 Cleopatram,
1027 2074 1077 2101 ex
1102 2062 1278 2112 AEgyptia
1307 2063 1434 2113 regina
1457 2074 1519 2112 ge-

238 2129 363 2167 nitam
409 2126 576 2164 Antonio
596 2155 606 2173 ,
640 2125 679 2162 in
727 2125 1014 2163 matrimonium
1065 2122 1344 2174 elegantissimo
1386 2135 1520 2174 regum
1587 2149 1590 2152 «

238 2192 416 2231 omnium
452 2188 559 2235 anae
590 2188 771 2235 tradidit3
795 2200 907 2236 quem
934 2188 1142 2226 educatum
1169 2187 1207 2225 in
1235 2186 1370 2233 Italia,
1398 2187 1519 2224 fuam-

241 2263 316 2300 que
355 2249 528 2287 militiam
566 2247 762 2295 secutum,
792 2248 912 2297 patrio
948 2261 1065 2298 regno
1097 2249 1276 2288 donavit:
1308 2248 1418 2298 eique
1449 2247 1521 2287 fra-

237 2323 341 2354 trum
367 2312 600 2362 Cleopatrae,
624 2310 817 2350 Ptolemaei
843 2319 956 2361 atque
989 2310 1218 2359 Alexandri,
1251 2309 1434 2350 concessit
1459 2311 1518 2348 in-

287 2434 310 2477 ς
338 2433 425 2465 LXI.
449 2430 574 2474 Vellei,
597 2441 611 2460 2
627 2456 635 2471 ,
661 2431 712 2472 87.
736 2430 817 2462 Dio.
849 2431 990 2465 Sueton.
1015 2428 1050 2462 in
1078 2429 1163 2474 Aug.
1188 2439 1218 2462 c.
1250 2436 1302 2467 ¹7·
1332 2425 1422 2462 Plut.
1450 2424 1521 2468 Apa

248 2479 341 2520 plan.
364 2478 386 2522 §
411 2477 515 2514 Lxu.
538 2478 680 2509 Sueten.
704 2475 795 2508 Plut.
