1617 2963
194 156 278 205 ΙΝ
327 153 507 203 LOC.
551 153 693 200 ΜΒ.
732 152 974 199 cxxv-111
1028 153 1180 199 LIV.
1298 168 1330 213 9

45 263 229 315 jubebat,
266 265 372 302 donec
408 263 484 301 dies
512 262 715 299 redderetur.
760 260 845 300 Nec
871 274 893 299 a
921 259 1081 300 navibus
1117 258 1332 309 quidquam

46 337 127 364 erat
146 324 302 372 auxilii,
325 337 407 374 quae
431 324 510 371 jam
535 320 757 370 tempestate
779 321 911 369 iactari
933 328 1154 372 coeperant3
1184 321 1221 359 δι
1244 318 1334 359 Cal-

47 388 179 427 visium
203 385 329 426 adeffe
349 383 583 424 nesciebant.
607 382 852 431 Pompejanis
877 382 980 421 enim
1004 381 1092 421 solis
1116 380 1215 421 visus
1233 387 1338 427 erat,

49 450 116 499 qui
133 478 143 496 ‚
160 447 310 498 longius
337 459 358 485 a
382 455 479 485 terra
504 442 708 492 disjuncti,
734 442 951 492 prospicere
978 443 1129 482 facilius
1153 443 1192 480 in
1218 442 1341 482 altum

48 519 265 563 potuerant.
304 510 350 550 In
378 509 454 547 hoc
479 505 640 546 articulo
672 505 902 544 necessitatis
930 505 1030 544 bona
1057 506 1233 555 quaedam
1259 504 1340 542 for-

48 583 142 614 tuna
158 575 291 614 Caesari
315 574 463 613 tertiam
483 573 678 611 decimam
702 569 895 621 legionem
921 571 1107 617 adduxit,
1127 583 1233 620 quae,
1261 567 1340 608 cla—

54 639 102 677 de
128 640 312 689 cognsta,
351 648 419 686 per
455 635 601 686 aspreta
636 633 840 672 contendit
876 632 924 671 ad
956 634 1096 682 ignes:
1132 632 1341 680 imperato-

52 715 208 752 remque
228 700 356 746 suum‚
385 699 432 739 ab
459 698 639 738 omnibus
657 695 810 737 famulis
835 695 1081 744 derelictum,
1106 697 1141 735 δε
1169 693 1341 733 comini-

50 765 190 803 litones
214 763 325 802 fessos
351 772 465 813 atque
488 760 688 811 famelicos
715 767 947 799 recrearunt.

104 832 250 873 XVIII.
279 833 381 873 Tum
416 845 507 872 vero
531 832 832 880 circumquaque
859 828 1016 868 nuntios
1049 826 1190 867 dimisit
1216 825 1339 866 Caesar

49 893 326 932 incolumitatis
354 893 441 934 suae.
482 895 517 933 Sc
544 892 704 932 vicissim
739 890 869 930 audito
902 889 1051 931 Calvisii
1076 889 1243 928 adventu
1275 900 1342 926 ex-

50 955 259 1004 hilaratus,
287 955 409 1006 quieti
436 953 473 993 se
508 955 627 993 dedit.
666 954 815 994 Postera
842 952 911 992 lux
946 952 1158 992 miserabile
1191 952 1341 1001 specia-

51 1017 182 1058 culum
211 1019 360 1070 aperuit
393 1026 648 1057 crematarum
680 1025 744 1055 aut
771 1016 977 1055 fractarum
1007 1015 1185 1054 navium:
1217 1013 1342 1052 fluita-

52 1080 223 1131 bantque
242 1080 379 1132 paffirn
406 1087 643 1135 aramimenta
662 1108 673 1126 ‚
712 1076 875 1117 navibus
906 1078 1046 1125 etiam,
1070 1089 1154 1126 ouae
1187 1074 1343 1124 supere-

51 1150 157 1190 rant,
176 1140 290 1181 valde
316 1144 405 1192 quai
397 1141 497 1180 {satis
520 1148 636 1190 atque
653 1137 928 1178 laborantibus
956 1138 1020 1178 Se
1008 1152 1031 1175 ι
1058 1140 1179 1177 otium
1202 1136 1248 1174 ab
1271 1134 1342 1173 ho-

50 1203 168 1242 stibus
208 1202 355 1243 Calvisii
387 1201 581 1253 praesentia
620 1201 741 1251 praest
739 1200 842 1248 bac,
879 1209 923 1239 ut
965 1198 1126 1239 subduci
1158 1196 1341 1246 reficique

52 1264 229 1315 possent;
263 1278 352 1304 cum
391 1264 516 1303 subito
544 1271 704 1309 exortus
732 1263 895 1303 Auster
905 1261 1169 1301 ehcmentiori
1206 1271 1343 1299 omnes

53 1326 270 1370 discrimine
294 1327 469 1367 involvit
497 1327 572 1367 Sed
600 1325 809 1375 Pompejus
838 1325 939 1363 intra
966 1333 1121 1374 portum
1143 1320 1343 1362 Mamerti-

54 1402 149 1428 num
178 1390 387 1430 deduxerat
410 1390 491 1430 suas
517 1401 655 1429 naves:
683 1397 723 1427 at
749 1387 967 1428 Caesarianae
990 1387 1088 1426 circa
1114 1385 1205 1425 litus
1238 1384 1346 1435 aspe-

54 1462 139 1489 rum
174 1453 209 1491 &
243 1451 525 1502 importuosum
562 1451 714 1500 ingenti
740 1448 911 1499 periculo
935 1449 1187 1498 jactabantur.
1218 1456 1345 1495 neque

56 1512 168 1550 resisti
199 1521 375 1563 poterat,
413 1526 481 1564 per
506 1511 715 1552 absentiam
741 1512 904 1551 nauticae
935 1510 1081 1557 turbat,
1111 1511 1222 1558 cujus
1253 1519 1343 1558 pars

58 1576 184 1623 major
215 1576 254 1613 in
282 1575 373 1614 litus
398 1574 574 1614 evaserat.
613 1572 742 1613 Sabini
767 1584 898 1612 tamen
925 1574 1053 1612 minus
1085 1573 1226 1612 affiic'ta
1253 1568 1345 1609 clas-

56 1634 102 1673 ᾖε
125 1635 201 1682 est,
237 1635 364 1675 Menae
385 1635 649 1686 providentia:
683 1634 746 1684 qui
778 1647 917 1685 magno
945 1635 998 1673 rei
1021 1633 1222 1672 maritimae
1248 1630 1341 1680 usu,

58 1696 210 1747 longius
242 1698 281 1737 in
309 1711 412 1737 mare
441 1698 663 1747 provectus,
688 1696 758 1735 ubi
784 1696 916 1735 mitius
943 1695 1248 1735 intumescebant
1274 1706 1344 1732 un-

59 1760 143 1806 dae,
176 1760 269 1810 J'ecit
294 1772 474 1808 ancoras;
510 1758 751 1809 remigioque
784 1759 1022 1798 contendens
1050 1757 1226 1798 adversus
1256 1769 1346 1795 ven-

59 1831 171 1869 tum,
208 1833 259 1860 ne
291 1822 401 1861 funes
442 1822 579 1860 intenti
615 1828 911 1871 rumperentur,
948 1820 1101 1869 effecit,
1128 1828 1170 1859 ut
1202 1820 1345 1858 eodem

59 1882 208 1934 semper
226 1882 314 1923 loco
340 1891 470 1923 tenere
493 1883 529 1923 se
549 1882 690 1934 posset3
718 1884 947 1922 tantundem
971 1883 1080 1934 spatii
1105 1882 1266 1923 subinde
1289 1893 1346 1919 re-

61 1943 214 1984 mensus
237 1947 425 1996 remigio,
456 1954 598 1997 quanto
625 1945 805 1996 abreptus
839 1946 940 1984 venti
968 1944 1151 1985 violentia
1172 1945 1308 1984 fuerat.

115 2013 227 2054 XIX.
254 2014 330 2054 Sed
353 2016 388 2054 Sc
411 2014 475 2054 alii
499 2014 658 2064 quidam
675 2043 686 2062 ,
710 2013 936 2052 industriam
959 2012 1074 2063 hujus
1096 2013 1257 2061 imitati,
1283 2025 1350 2062 pe=

61 2074 156 2113 stem
175 2075 401 2115 intentatam
425 2074 662 2126 repulerunt.
693 2076 741 2115 At
765 2073 908 2125 reliqua
927 2073 1136 2114 multitudo
1159 2068 1342 2120 ventum,

65 2144 107 2174 ut
132 2150 248 2177 verno
269 2147 446 2190 tempore
472 2138 548 2178 cito
573 2138 785 2189 positurum
811 2137 1053 2190 existimans,
1079 2136 1258 2185 utrinque
1287 2146 1344 2172 re-

65 2199 193 2239 vincta
218 2202 366 2240 ancoris
396 2203 566 2252 navigia,
599 2214 647 2241 ne
668 2201 944 2241 colliderentur
965 2231 976 2249 .,
1002 2199 1125 2239 contis
1151 2195 1348 2248 propulsa-

66 2260 184 2310 baiit3
220 2262 378 2301 minime
410 2264 591 2302 diuturna
615 2275 691 2313 ope
709 2292 719 2312 ,
756 2275 846 2304 cum
868 2262 978 2301 flatus
1001 2258 1245 2311 impetuoiior
1269 2256 1346 2296 ob-

63 2322 198 2364 stantia
222 2325 356 2363 omnia
379 2324 581 2373 disjiceret.
601 2325 813 2375 navesque,
829 2324 1010 2376 disruptis
1021 2319 1283 2370 ancoralibus,
1302 2320 1345 2359 in

110 2454 134 2502 ξ
162 2455 274 2493 XVII.
299 2454 446 2501 Appiam
477 2454 500 2503 5
527 2455 655 2491 XVIII.
680 2454 827 2502 Appiam
847 2454 932 2490 Dio.
