1617 2963
200 206 282 253 IN
330 205 492 252 LOC.
533 204 670 250 LIB.
722 199 969 249 CXXXm
1016 199 1160 248 LIV.
1267 207 1348 241 121

82 313 153 354 bus
182 321 375 355 torrerent.
409 325 490 364 quae
514 311 578 361 qui
604 308 854 358 abjecerunt,
885 309 1036 347 eminus
1071 305 1235 345 hostium
1265 303 1354 341 telis

82 376 464 416 convulnerabantur.
507 374 567 413 Ne
601 371 757 421 quidem
794 370 831 408 in
872 383 973 409 mare
1007 367 1192 408 desiluisse
1222 365 1360 416 prode-

82 446 164 477 rat:
207 450 294 476 cum
328 436 420 476 alios
447 433 613 472 hauriret
650 431 778 478 unda,
820 431 880 470 vel
913 431 1120 470 incidentia
1153 427 1229 468 tela
1263 427 1360 464 inter

83 497 182 548 ipsas
215 511 331 548 aquas
358 496 611 543 conficerent3
640 507 724 545 pars
749 506 769 532 a
793 493 948 533 marinis
980 493 1116 533 belluis
1143 493 1358 540 intercepta

83 558 320 599 laceraretur.

137 630 238 670 VIII.
264 630 370 680 Soli,
390 636 433 668 ut
458 627 525 668 tali
548 635 748 677 tempore,
768 625 918 664 mitiore
940 625 1021 664 fato
1041 626 1255 675 perierunt,
1273 621 1363 672 qui,

84 690 301 742 priusquam
325 692 390 730 ista
414 699 652 741 paterentur,
678 688 821 726 mutuis
844 685 1064 726 vulneribus
1079 716 1091 731 ,
1112 694 1177 723 aut
1196 684 1260 723 sua
1282 696 1366 722 ma-

84 766 136 790 nu
165 754 350 803 peremti,
386 751 594 802 simplicem
623 760 812 797 mortem,
853 749 889 788 &
917 749 959 786 in
986 746 1072 796 ipfis
1101 746 1261 785 navibus
1291 744 1365 783 suis

86 814 234 854 bustum
259 816 497 854 invenerunt.
537 810 640 854 Tum
669 815 852 859 demum,
880 810 1079 862 postquam
1106 820 1194 846 eum
1231 808 1271 845 in
1298 805 1370 843 sta-

87 884 170 916 tum
200 878 364 917 deducta
399 890 456 916 res
492 884 595 922 erat,
625 885 708 915 tuto
736 875 911 926 suggredi
944 872 981 912 se
1011 869 1115 922 posse
1154 869 1223 908 rati
1252 868 1370 906 vieto-

88 949 168 986 res,
195 947 237 977 ut
263 938 492 988 pecuniam,
517 926 643 987 quam·
655 935 826 975 sciebant
854 933 928 973 effe
958 934 997 971 in
1022 931 1205 976 navibus,
1232 929 1370 976 diripe-

88 1010 196 1048 rent,
233 1000 397 1040 studiose
432 1001 720 1050 adnavigarunt.
764 999 847 1039 Nec
880 997 1034 1037 aliunde
1070 995 1193 1042 major
1225 1004 1268 1030 ea
1308 990 1370 1029 die

89 1062 217 1101 clades
241 1063 299 1102 his
318 1063 486 1113 partibus
506 1062 661 1104 exstitit:
681 1074 758 1101 non
783 1062 901 1099 modo
924 1059 1064 1099 milites
1078 1055 1258 1108 plurimi,
1278 1054 1372 1092 dum

92 1125 328 1175 exstinguere
354 1126 480 1175 ignem
507 1133 662 1175 parant,
688 1123 872 1170 ambusti;
898 1122 960 1161 sed
988 1124 1128 1161 &totae
1143 1128 1280 1161 naves,
1303 1114 1374 1152 ho-

92 1186 240 1226 stilibus
265 1195 449 1237 correptae
479 1185 776 1236 harpaginibus,
803 1184 1093 1234 conflagrarunt.
1121 1180 1215 1219 Haec
1243 1187 1374 1226 pugna

92 1259 125 1286 a.
163 1246 200 1286 d.
234 1246 286 1286 IV
319 1247 419 1286 Non.
454 1246 670 1295 Septembr.
702 1243 928 1291 commissa,
967 1240 1189 1290 hujusmodi
1225 1239 1374 1277 exitum

91 1308 248 1357 habuit,
278 1321 345 1359 per
373 1310 525 1348 noctem
550 1309 667 1347 etiam
695 1308 949 1347 obstinatione
973 1305 1214 1355 pereuntium
1243 1300 1376 1338 conti-

92 1379 209 1411 nuata
229 1402 240 1420 ,
263 1371 388 1410 donec
416 1369 662 1409 illucescente
686 1370 769 1418 die,
809 1369 872 1419 qui
900 1369 938 1406 in
968 1367 1053 1406 navi
1088 1365 1376 1417 pernoctaverat

96 1434 238 1482 Caesat,
263 1436 341 1484 jam
365 1434 441 1473 fine
468 1435 694 1483 exceptione
716 1435 864 1479 vietor,
892 1433 1065 1482 adeoque
1086 1428 1186 1469 solus
1210 1425 1377 1475 reliquus

95 1496 281 1536 Romanae
300 1497 352 1535 rei
377 1498 500 1535 rector
527 1495 813 1546 intelligeretur.

149 1566 222 1607 IX.
251 1567 352 1606 Nam
380 1565 445 1604 illa
463 1566 551 1604 ‘dies
578 1565 746 1604 salutaris
770 1564 822 1604 est
840 1562 972 1602 habita
993 1559 1237 1612 reipublicae,
1260 1559 1296 1597 &
1322 1556 1379 1594 in-

97 1628 151 1667 de‘
170 1637 322 1678 tempus
356 1628 504 1678 imperii
529 1629 609 1676 ejus
635 1625 788 1677 praecise
813 1633 1070 1675 computatur.
1104 1619 1205 1661 Caesa
1222 1619 1380 1658 fuerunt

98 1688 265 1728 hostium
298 1688 416 1728 millia
448 1689 643 1739 quinque,
674 1701 789 1727 naves
825 1688 949 1726 omnis
977 1683 1123 1736 generis
1158 1688 1279 1732 captae
1308 1689 1382 1717 tre·

99 1761 239 1800 centae‚
265 1750 359 1790 sicut
385 1750 464 1800 ipse
488 1750 608 1789 Caesar
633 1751 670 1788 in
701 1747 986 1788 commentariis
1019 1745 1089 1785 suis
1114 1741 1278 1782 retulisse
1305 1748 1382 1780 tra-

100 1814 214 1854 ditur.
239 1813 341 1853 Nam
365 1812 453 1860 alii,
469 1811 645 1851 cecidiffe
671 1810 788 1850 millia
805 1810 1009 1848 duodecim
1035 1820 1083 1846 ex
1107 1806 1235 1852 viciis,
1251 1803 1382 1855 prodi-

100 1876 262 1923 derunt,
293 1874 356 1914 sex
380 1874 603 1922 vulnerata,
641 1887 690 1912 ex
712 1872 770 1911 his
791 1873 889 1912 inter
911 1871 1124 1911 curandum
1151 1867 1257 1907 mille
1282 1878 1387 1906 mor-

101 1945 201 1978 tuos,
224 1939 270 1977 At
290 1936 432 1985 Caesar,
460 1935 567 1975 misso
593 1948 680 1974 cum
697 1934 870 1974 Liburnis
893 1935 1126 1980 Maecenate,
1151 1930 1215 1981 qui
1232 1929 1384 1980 longius

102 2000 362 2050 insequeretur
382 1998 600 2049 fugientes,
628 1998 677 2037 ad
707 1997 873 2036 honores
891 1996 1060 2036 Deorum
1075 2025 1087 2044 ,
1113 2008 1134 2034 a
1160 1993 1297 2044 quibus
1318 1993 1385 2032 ad-

101 2066 205 2116 jutus
230 2063 333 2102 credi
367 2062 549 2110 volebat,
591 2061 628 2100 se
664 2060 840 2100 contulit.
875 2062 910 2100 δε
941 2067 1029 2099 ante
1063 2066 1209 2098 ceteros
1239 2054 1386 2107 Apolli-

100 2141 192 2167 nem
218 2127 346 2166 'colere
368 2127 526 2175 solitus,
553 2138 575 2164 a
601 2116 688 2176 quo*
705 2127 740 2165 ἃ
768 2124 917 2175 genitus
942 2121 1133 2173 gaudebat
1156 2116 1384 2163 existimari,

101 2199 282 2240 tanquam
314 2190 487 2241 praesenti
516 2189 665 2228 numini
698 2192 819 2239 (nam
846 2187 950 2237 apud
979 2185 1127 2226 Actium
1159 2183 1280 2223 cedem
1316 2178 1386 2218 lia-

94 2252 221 2296 'bebat
240 2252 471 2305 antiquitus)
494 2253 629 2291 decem
651 2264 765 2290 naves
787 2262 833 2289 ex
853 2249 978 2300 praeda
1002 2247 1218 2296 dedicavit,
1240 2244 1287 2283 ab
1305 2254 1384 2282 uno

105 2327 298 2354 remorum
329 2314 462 2352 ordine
489 2314 538 2352 ad
575 2314 736 2352 decem:
774 2324 856 2362 quae
880 2311 1009 2362 postea
1039 2323 1126 2349 cum
1160 2307 1246 2358 ipsis
1273 2317 1388 2344 nava-

104 2377 204 2418 libus
221 2377 481 2427 deflagrarant.
519 2375 728 2426 Templum
754 2375 893 2415 deinde
914 2374 1086 2425 ejusdem
1111 2371 1182 2412 Dei
1203 2366 1388 2419 amplian-

154 2513 177 2561 5
201 2513 293 2551 vul.
315 2513 395 2548 Dio.
423 2514 561 2548 Sueton.
586 2513 620 2546 in
643 2513 730 2559 Aug.
752 2525 781 2548 c.
810 2525 859 2556 ¹7·
882 2512 1007 2556 Vellej,
1032 2522 1072 2553 2,
1100 2509 1153 2545 88⁴
1178 2509 1270 2545 Plut.

344 2684 404 2747 ἑῗι
