1617 2963
291 209 380 269 256
449 207 536 252 JO.
586 200 1086 250 FREINSHEMII
1122 194 1465 247 SUPPLENL'

292 319 504 364 cooptatus.
541 312 695 350 Circum
722 308 805 348 haec
836 316 1009 358 tempora
1038 315 1170 346 contra
1202 314 1331 358 gentes
1369 305 1562 357 Inalpinas

290 377 388 415 bene
411 382 623 424 pugnatum
646 372 697 409 est
728 383 748 410 a
777 371 814 410 Ρ.
844 369 961 416 Silio,
987 368 1224 419 Camunique
1256 371 1291 409 ἃ
1319 370 1563 409 Vennonetes

288 436 357 475 sub
382 434 584 483 imperium
612 430 747 482 populi
785 431 945 470 Romani
972 429 1127 468 redacti.

343 503 402 542 LI.
434 502 543 541 Idem
564 499 674 540 Silius
688 501 735 539 .&
759 498 973 538 Pannonios
987 527 1000 544 ,
1022 496 1188 535 affumtis
1210 497 1362 537 Noricis
1381 495 1564 536 Histriam

286 562 548 608 incursantes,
582 573 648 611 pet
680 559 717 598 se
751 561 786 599 &
813 558 957 609 legatos
987 558 1072 597 suos
1107 560 1159 598 ita
1187 559 1360 606 domuit,
1397 565 1438 596 ut
1461 556 1564 606 pacis

287 625 527 664 conditiones
559 623 730 672 accipere
755 622 906 671 utrique
930 630 1165 671 cogerentur.
1199 619 1382 659 Dalmatae
1409 628 1564 668 quoque

284 687 354 726 sub
396 687 501 725 idem
537 693 716 734 tempus,
751 683 983 733 Hispanique
1018 684 1142 729 moti3
1175 681 1239 720 sed
1278 681 1457 726 modico,
1492 689 1564 716 nec

292 750 474 789 diuturno
506 747 689 787 tumultu.
719 746 993 786 Macedoniam
1030 744 1267 784 Dentheletae
1303 746 1337 784 &
1376 738 1565 783 Scordisci

292 811 525 851 infestavere.
550 808 645 848 Bessi
663 808 805 858 Cotyos
823 819 981 856 regnum
1004 805 1150 853 adorti,
1177 805 1300 855 quod,
1321 817 1366 844 eo
1389 810 1566 848 mortuo,

289 873 498 912 liberorum
532 875 614 920 ejus
643 868 855 909 avunculus
880 870 914 907 &
948 877 1050 906 tutor
1084 867 1352 918 Rhymetalces
1385 863 1568 904 defende-

217 923 224 930 θ
290 935 379 983 bat3
403 935 451 974 ab
469 933 673 980 Romanis,
690 930 873 970 auxilium
889 930 922 968 ei
944 929 1177 975 ferentibus,
1203 928 1343 967 subacti
1366 927 1460 965 sunt.
1485 927 1567 965 Sar-

290 1008 427 1044 mata&
445 998 578 1036 eadem
593 1003 800 1041 tentantes,
814 993 880 1033 Cn.
893 992 1090 1032 Cornelius
1105 990 1283 1031 Lentulus
1301 1003 1427 1040 pugna
1441 991 1563 1028 victos

290 1070 393 1099 trans
412 1059 546 1099 Istrum
564 1057 738 1096 recedere
764 1055 900 1105 coegit.
930 1054 987 1093 Ab
1014 1054 1152 1093 eodem
1180 1053 1270 1092 Daci
1295 1053 1474 1101 Getaeque
1499 1062 1565 1101 per

290 1130 511 1161 concretum
535 1118 621 1169 gelu
647 1117 867 1157 Danubium
899 1116 1026 1155 vicina
1056 1115 1272 1154 infestantes
1297 1113 1429 1163 repulfi
1447 1144 1457 1160 ,
1483 1111 1568 1151 sub„

287 1189 476 1236 motique.
507 1184 587 1223 Pari
606 1182 787 1220 felicitate
801 1179 1067 1218 Germanicum
1094 1177 1261 1226 bellum,
1284 1178 1387 1227 quod
1410 1189 1484 1226 prae
1505 1187 1566 1214 ce-

286 1249 375 1285 teris
399 1255 476 1283 erat
494 1237 737 1283 formidabile
752 1272 763 1288 ,
781 1240 1048 1289 compositum.
1075 1240 1229 1288 Quippe
1254 1236 1565 1283 intellecromon

286 1308 407 1348 modo
433 1306 601 1347 Lollium
631 1304 776 1343 strenue
804 1315 932 1353 parare
958 1314 1059 1340 arma
1075 1330 1085 1346 ,
1112 1300 1175 1338 sed
1198 1298 1318 1348 ipsum
1349 1311 1437 1336 cum
1461 1308 1565 1335 exer-

286 1371 367 1408 citu
389 1369 592 1408 adventare
625 1364 899 1412 Caesaren133d
929 1362 990 1402 sua
1021 1362 1189 1412 regreffi,
1220 1359 1335 1398 miffis
1366 1359 1562 1397 obfidibus

289 1431 457 1481 quietem
488 1428 789 1477 spoponderunt.
823 1426 904 1464 Nec
930 1432 1059 1461 tamen
1090 1422 1187 1460 adeo
1212 1428 1275 1459 aut
1305 1420 1447 1458 credita
1469 1418 1563 1467 haec,

289 1501 355 1532 aut
382 1491 540 1543 praestita
568 1503 640 1540 pax
669 1490 765 1535 fuit,
792 1481 1025 1538 quinaliqui
1059 1484 1219 1523 subinde
1252 1492 1376 1522 motus
1412 1483 1566 1521 exsiste-

289 1562 383 1593 rent.
421 1566 583 1603 quorum
618 1550 727 1590 causa
759 1552 794 1590 Sc
819 1549 921 1586 hunc
955 1560 1096 1585 annum
1128 1546 1168 1584 in
1194 1544 1315 1584 Gallia
1343 1546 1379 1583 δε
1407 1543 1564 1593 sequen-

285 1624 365 1654 tem
393 1613 582 1652 contrivit.
606 1624 682 1662 quo
715 1608 887 1648 consules
913 1608 969 1647 M.
990 1607 1115 1647 Livius
1142 1606 1181 1646 L.
1210 1605 1250 1644 F.
1276 1604 1413 1643 Drusus
1441 1604 1561 1651 Libo,

285 1676 327 1717 L.
347 1675 573 1725 Calpurnius
601 1674 642 1715 L.
674 1673 713 1714 F.
740 1671 820 1712 Piso
854 1670 1018 1709 fuerunt.

352 1745 433 1785 LII.
475 1745 549 1785 Sed
578 1745 613 1783 ἃ
639 1741 727 1793 ipsa*
751 1740 872 1781 Gallia
901 1752 979 1779 non
1009 1738 1095 1777 satis
1121 1737 1248 1788 quieta
1275 1743 1373 1784 erat,
1409 1740 1563 1786 propter

283 1808 453 1846 hominis
507 1805 676 1844 libertini
722 1811 871 1843 tantam
913 1801 1196 1851 improbitatem
1216 1830 1228 1848 ‚
1271 1808 1312 1837 ut
1358 1799 1562 1849 significata

282 1867 460 1918 prodigio
497 1865 539 1904 fit
572 1864 742 1912 credita3
771 1876 860 1902 cum
887 1863 1052 1901 maxima
1074 1859 1221 1907 bellua,
1254 1860 1383 1910 viginti
1413 1860 1558 1908 pedum

284 1929 488 1968 latitudine
505 1958 516 1972 ‚
545 1925 660 1976 longa
684 1926 897 1975 sexaginta,
930 1926 963 1963 Sc
988 1932 1122 1973 praeter
1152 1930 1269 1972 caput
1294 1921 1440 1959 mulieri
1463 1921 1559 1959 fimi·

285 1992 355 2039 lis,
379 2005 426 2030 ex
456 1992 614 2031 Oceano
647 1989 817 2036 irruens,
844 1989 883 2026 in
916 1987 1014 2025 vado
1049 1985 1216 2024 haefifl'et.
1248 1986 1275 2024 L
1327 1986 1493 2024 Licinius
1529 1986 1559 2023 is

285 2053 386 2100 fuit,
409 2050 536 2091 Gallus
566 2050 744 2095 natione,
769 2049 835 2097 qui
863 2056 996 2096 captus
1026 2048 1071 2085 iis
1094 2046 1202 2085 bellis
1230 2044 1406 2084 dictatori
1427 2043 1558 2082 Caesari

284 2113 472 2152 servierat.
504 2111 579 2151 Sed
596 2111 699 2149 hunc
718 2110 756 2148 in
775 2110 919 2147 honore
942 2111 976 2148 Sc
994 2108 1058 2146 usu
1089 2110 1257 2147 maximo
1282 2107 1465 2156 Augustus
1496 2106 1562 2145 ha..

286 2175 376 2214 bere
398 2173 554 2220 solitus,
585 2180 870 2222 procuratorem
892 2169 1000 2209 suum
1024 2170 1062 2207 in
1089 2170 1209 2208 Gallia
1238 2169 1494 2208 constituerat.
1523 2168 1558 2207 ls

283 2237 399 2287 igitur
434 2236 482 2273 ad
514 2233 747 2283 explendam
783 2233 991 2282 ingenitam
1025 2231 1214 2271 avaritiam
1250 2231 1440 2279 majestate
1472 2230 1559 2269 Ro-

287 2299 392 2337 mani
417 2296 581 2335 nominis
605 2293 760 2342 abusus,
788 2293 862 2332 hoc
887 2292 1045 2343 agebat,
1072 2301 1135 2339 ut,
1161 2300 1348 2343 quotquot
1372 2291 1409 2330 se
1434 2293 1557 2341 potio-

287 2372 344 2403 res
372 2358 451 2409 ipso
475 2358 642 2404 ferrent,
673 2357 988 2407 deprimerentur.
1017 2367 1089 2394 nec
1107 2364 1307 2394 contentus
1328 2353 1488 2404 exegiffe
1504 2353 1554 2393 ad

337 2501 358 2544 ς
384 2501 423 2537 L.
440 2500 547 2546 Taeit.
569 2499 649 2534 Dio.
674 2497 758 2534 prm,
783 2509 821 2544 3,
848 2508 900 2532 πο.
925 2497 947 2543 §
968 2496 1020 2533 LI.
1047 2496 1135 2532 Hor,
1160 2507 1198 2539 4,
1226 2506 1278 2530 12.
1299 2495 1381 2532 Dio,
