1617 2963
229 161 295 227 76
373 161 467 210 JO.
499 159 1037 208 FREINSHEMH
1072 160 1450 212 SUPPLEM.v

281 269 419 310 XXX.
447 266 541 315 Ille,
562 267 756 320 praefidium
772 279 812 305 ut
830 267 1044 320 acciperent,
1068 268 1515 324 imperabat‚obfidefhue

226 343 381 375 centum,
409 343 485 368 cum
511 340 598 367 certo
617 327 788 379 frumenti
813 330 925 368 modo.
953 329 1089 380 Neque
1117 329 1344 370 distulerunt
1373 333 1515 382 primo-

224 404 306 438 res,
329 392 496 440 acceptis
524 390 837 438 conditionibus,
855 390 1003 429 obfides
1034 391 1192 430 tradere.
1216 393 1290 431 Sed
1308 393 1372 432 ubi
1387 423 1398 441 ‚
1416 407 1514 434 con·

222 453 359 504 :spec'tis
382 452 590 500 militibus,
615 453 680 501 qui
709 452 757 491 ad
785 452 998 501 praesidium
1024 452 1167 493 ibidem
1199 455 1391 503 agendum
1428 456 1515 494 mit.

222 514 425 561 tebantur,
451 513 716 554 exhorrescere
744 512 881 564 vulgus
913 513 959 552 ad
984 513 1146 562 speciem
1182 515 1371 565 praesentis
1401 516 1514 555 servi·

222 574 314 612 tutis
340 575 478 624 coepit3
508 573 731 613 diffenfione
757 575 855 612 iuter
881 575 1096 625 oppidanos
1117 585 1228 623 nata,
1262 586 1378 626 portae
1404 577 1515 617 clau-

219 634 269 675 sae
294 634 402 683 sunt,
433 638 469 675 &
505 637 543 674 in
582 636 776 675 moenibus
818 638 956 675 armati
994 647 1303 687 comparuerunt.
1339 639 1508 688 Quando

219 699 324 736 enim
346 698 576 748 optimatum
607 698 714 736 liberi
741 697 890 737 obfides
913 699 991 737 dati
1017 698 1194 747 fuerant,
1218 699 1360 739 discors
1386 714 1512 751 popu-

218 759 281 800 lus
309 761 445 799 horum
475 761 671 810 periculo,
706 762 809 810 quod
840 762 889 800 ad
929 761 964 799 se
993 763 1186 812 pertinere
1218 774 1295 799 non
1326 762 1512 811 putabat,

217 823 318 864 nihil
343 825 578 864 movebatur.
621 824 696 863 Sed
730 823 873 871 Caesar,
897 824 960 873 qui
1007 823 1366 874 opportunissimum
1411 824 1513 865 bello

216 887 340 929 Dacio
366 887 523 935 locum,
552 887 725 937 quolibet
755 888 876 937 pretio
913 887 1083 938 redigere
1110 888 1148 926 in
1176 889 1403 937 potestatem
1434 901 1509 927 cu-

215 950 372 1001 piebat3
399 959 516 1000 ponte
544 949 670 998 facito,
695 950 835 989 Savum
857 948 1095 999 transgressus
1111 979 1122 999 ,
1150 950 1276 989 eastris
1299 952 1514 990 communi-

217 1012 295 1057 tis,
324 1011 597 1061 Segesticenses
626 1013 724 1050 intra
750 1013 893 1050 moenia
926 1012 1064 1062 coegit.

281 1072 439 1111 XXXI.
487 1073 533 1112 Et
569 1085 800 1122 quamquam
837 1073 935 1111 inter
971 1072 1115 1111 flumen
1150 1073 1184 1112 δι
1216 1071 1350 1111 urbem
1391 1083 1508 1112 omne

214 1131 378 1183 spatium
413 1133 517 1173 foffis
545 1132 726 1182 vallisque
765 1132 1014 1182 interseptum
1046 1142 1150 1180 erat,
1175 1133 1351 1183 improbo
1380 1131 1512 1171 labore

216 1194 299 1234 bini
338 1206 491 1244 aggeres
527 1195 643 1234 ereeti
683 1193 780 1233 sunt.
830 1194 913 1234 Nec
960 1195 1063 1233 enim
1104 1204 1200 1233 terra
1239 1195 1510 1234 tantummodo

214 1269 276 1295 res
303 1257 608 1307 gerebatur‚sed
636 1258 798 1296 navibus
814 1258 955 1305 etiam,
983 1270 1099 1307 quas,
1124 1271 1144 1296 a
1166 1257 1276 1296 sociis
1302 1259 1349 1297 ad
1378 1257 1511 1297 subve-

215 1318 389 1359 hendum
415 1319 595 1358 exercitui
627 1326 886 1358 commeatum
914 1328 1085 1370 paratas,
1115 1318 1271 1359 adverso
1300 1320 1388 1358 Istro
1415 1318 1509 1358 sub-

213 1381 266 1431 igi
302 1383 343 1420 in
384 1382 524 1421 Savum
559 1393 736 1427 amnem,
777 1390 892 1431 atque
929 1381 1020 1420 inde
1055 1381 1093 1418 in
1125 1381 1302 1431 Colapim
1336 1380 1508 1430 jufferat.-

212 1443 353 1493 Neque
388 1443 550 1493 segniter
578 1441 614 1481 se
646 1442 907 1482 defendebant
946 1441 1106 1492 obseffi,
1130 1442 1263 1493 saepius
1294 1445 1497 1493 eruptione

214 1516 304 1544 cum
342 1504 491 1543 facibus
535 1504 574 1542 in
608 1516 761 1554 aggeres
803 1504 929 1544 fac‘ia:
972 1505 1127 1544 armatis
1172 1506 1288 1544 etiam
1323 1504 1499 1545 lintribm

212 1568 350 1619 proelia
380 1567 524 1617 aliquot
560 1567 707 1606 navalia
741 1567 938 1614 fecerunt,
981 1567 1020 1605 in
1058 1566 1195 1616 quibus
1229 1574 1364 1616 praeter
1397 1565 1494 1605 alios

212 1629 349 1671 menas
379 1630 493 1669 etiam
522 1629 668 1669 occisus
698 1630 774 1677 est,
809 1631 872 1680 qui
899 1642 921 1669 a
949 1630 1066 1670 Sexto
1092 1629 1141 1668 ad
1171 1628 1352 1668 Caesarem
1380 1627 1497 1668 semel

213 1691 429 1740 iterumque
467 1692 733 1741 transfugerat.
762 1690 806 1730 Et
840 1689 1036 1729 habebant
1071 1690 1109 1727 in
1134 1689 1268 1728 vicinis
1297 1689 1500 1729 Pannoniis

212 1750 398 1790 fiduciam
433 1751 537 1791 haud
572 1752 647 1790 fine
674 1751 810 1792 causa:
839 1764 931 1802 gens
962 1751 1063 1790 enim
1103 1749 1306 1800 praevalida
1339 1759 1444 1798 erat,
1472 1750 1499 1791 fi

211 1815 325 1853 unius
361 1815 518 1865 imperio
560 1824 801 1865 regerentur3
835 1822 1086 1864 poterantque
1127 1814 1173 1853 ad
1217 1812 1363 1853 bellum
1405 1814 1501 1853 edu-

213 1888 300 1916 cere
323 1887 477 1915 centum
505 1876 622 1915 millia
648 1877 806 1915 delecstae
831 1877 1058 1924 juventutis.

271 1937 447 1978 XXXII.
477 1938 549 1977 Sed
578 1937 702 1987 sparsa
723 1938 759 1975 in
784 1937 910 1988 plures
939 1937 1111 1987 potentia
1139 1936 1234 1975 nihil
1259 1937 1298 1975 in
1324 1949 1500 1977 commu-

210 2012 261 2039 ne
283 1999 426 2037 consuli
453 1999 675 2048 patiebatur.
715 2000 801 2039 Una
829 2007 978 2038 tantum
1008 2000 1113 2039 natio
1148 1999 1277 2049 copias
1303 1999 1386 2039 suas
1415 1998 1501 2038 sub-

210 2062 305 2102 fidio
344 2062 465 2102 mifit:
499 2062 628 2113 hisque
667 2063 898 2113 profligatis,
932 2062 1066 2103 obseffi
1095 2062 1130 2101 se
1171 2062 1429 2110 dediderunt3
1461 2064 1499 2104 δε

210 2123 344 2174 xeliqui
373 2136 465 2163 mox
494 2124 689 2164 Pannones
722 2123 944 2174 exemplum
978 2122 1093 2162 secuti
1127 2122 1222 2162 sunt.
1261 2123 1404 2170 Caesar,
1435 2123 1501 2163 tri-

213 2186 352 2224 Cefimo
384 2185 446 2224 die
477 2186 559 2235 post
595 2186 789 2226 difficilem
825 2185 1065 2224 obsidionem
1095 2193 1245 2235 recepta
1275 2184 1493 2233 Segestica,

211 2245 287 2286 five
320 2248 500 2285 virtutem
534 2248 740 2287 admiratus
765 2247 993 2295 hominum,
1026 2247 1098 2285 sive
1131 2247 1306 2297 precibus
1341 2245 1494 2285 emolli-

211 2315 296 2355 tus,
334 2307 541 2348 clementer
580 2311 735 2349 vic'toria
778 2308 863 2348 usus
899 2308 1261 2359 est:imperafaque
1309 2307 1497 2358 pecunia,

213 2373 466 2422 commigrare
499 2385 631 2412 omnes
661 2374 701 2411 in
728 2371 913 2411 semotam
942 2371 1075 2423 oppidi
1102 2382 1249 2422 partem
1280 2369 1491 2420 justifice-

260 2480 285 2526 5
309 2481 415 2515 ΧΧΧ.
441 2483 549 2517 Strab.
578 2483 603 2516 1.
624 2494 645 2523 4
673 2481 706 2515 δε
729 2493 765 2523 7.
795 2482 940 2526 Appian.
963 2482 984 2527 5
1011 2481 1135 2516 XXXI.
1154 2481 1236 2515 Dio.
1262 2480 1409 2529 Appian-

1612 1052 1617 1270 ¹
