1617 2963
229 177 308 226 IN
350 177 523 224 LOC.
560 178 696 224 LIB.
737 178 980 225 CXXXIII
1030 179 1175 226 LIV.
1280 195 1368 242 ¹¹9

96 291 230 325 verant
252 284 465 332 machinae3
498 292 563 322 aut
595 283 722 323 rostris
747 283 947 324 hostilibus
975 284 1264 336 perforabantur
1295 286 1369 325 An.

94 345 192 384 tonii
226 359 364 394 naves,
393 353 459 384 aut
483 343 644 395 fingulas
667 357 689 383 a
719 344 890 394 pluribus
913 347 1192 386 circumventas
1219 348 1370 397 amitte-

95 404 174 446 bat.
204 406 317 446 Erant
340 407 381 444 in
406 404 524 444 altera
547 413 654 455 parte
683 404 956 454 gubernatores
985 406 1120 456 periti,
1144 419 1273 445 remex
1295 405 1372 445 ala.

93 478 183 514 cer,
218 466 295 505 dux
321 467 514 514 intentus;
547 466 590 504 in
614 464 731 504 altera
753 475 887 514 praeter
912 465 1051 506 milites
1073 465 1190 507 nihil:
1228 468 1277 505 fic
1301 468 1372 518 igi..

93 535 157 566 tur
182 527 456 578 pugnabatur,
496 536 537 567 ut
568 527 660 567 hinc
697 526 774 566 sola
800 526 1100 577 legionariorum
1135 529 1275 568 virtute
1310 541 1370 569 res

92 587 360 638 sustineretur,
391 590 481 629 inde
510 589 693 640 plurimus
729 597 932 628 nautarum
964 600 1076 640 atque
1101 591 1286 642 remigum
1316 590 1370 631 la-

93 649 167 689 bor
194 651 295 691 esset.
346 651 442 691 Cum
472 651 519 690 ab
547 651 640 693 hora
671 652 804 702 quinta
838 651 913 690 diei
952 651 1069 702 usque
1098 654 1138 691 in
1166 653 1385 704 septimam'

93 713 215 752 multa
232 714 408 763 utrinque
424 715 527 761 caede
547 714 797 762 dimicatum,
816 722 950 752 neutro
967 714 1177 753 inclinante
1193 715 1370 766 victoria,

90 774 201 823 effer,
233 774 454 826 Cleopatra,
480 789 564 826 quae
586 776 668 826 post
697 776 845 825 aciem,
867 777 1014 814 ancoris
1047 776 1085 813 in
1117 775 1193 815 salo
1226 778 1365 826 jactis,

74 850 205 878 ‚naves
233 837 313 877 suas
340 839 608 888 constituerat,
644 839 747 878 haud
768 838 865 878 ultra
887 838 1011 877 ferens
1041 837 1117 888 spei
1144 838 1367 887 terrorisque

89 899 275 949 ancipites
310 909 464 947 motus,
493 913 582 939 cum
617 899 811 953 sexaginta
840 899 915 938 suis
946 899 1133 946 navibus,
1170 900 1208 937 in
1235 900 1365 938 medio

90 961 348 1013 pugnantium
372 961 495 1001 subito
521 961 748 1013 conspeeta,
768 962 950 1001 exterruit
973 960 1223 1009 Caesarianos,
1241 961 1367 1000 donee

89 1037 195 1071 eam,
223 1024 381 1063 minime
409 1025 607 1075 pugnandi
630 1024 758 1064 animo
783 1023 1037 1075 progressam,
1058 1022 1365 1075 Peloponnesum

86 1086 212 1126 versus
232 1085 387 1143 sublatis
412 1086 622 1142 dolonibus
648 1087 780 1138 fugere
809 1085 1172 1125 animadverterunt.

143 1156 211 1196 IV.
246 1156 358 1196 Forte
380 1158 570 1207 propitius
592 1167 728 1196 ventus
759 1156 934 1197 subortus
966 1155 1079 1207 longe
1106 1155 1172 1195 has
1195 1156 1320 1196 statim
1342 1168 1366 1196 a.

86 1217 198 1267 loco,
219 1219 284 1261 ubi
306 1220 819 1271 pugnabatur„abripiebat.
844 1220 960 1270 igitur
986 1220 1059 1259 five
1083 1220 1269 1270 deceptus
1288 1222 1368 1260 An-

86 1282 241 1328 tonius,
279 1283 314 1321 &
345 1281 431 1321 suos
463 1282 653 1322 excedere
677 1281 815 1333 proelio
850 1292 976 1330 ratus,
1010 1282 1081 1321 sive
1118 1281 1365 1332 Cleopatram

84 1354 320 1396 anteponens
337 1344 537 1394 omnibus,
571 1344 650 1396 ipse
677 1358 854 1395 quoque,
876 1346 1046 1386 detracto
1072 1345 1204 1395 inligni
1229 1352 1366 1395 praeto-

85 1407 149 1447 riae
171 1409 302 1456 navis,
330 1406 551 1450 Alexandro
575 1409 669 1458 Syro
697 1409 731 1447 &
765 1406 907 1447 Scollio
937 1408 1105 1457 quodam
1141 1406 1230 1446 solis
1255 1406 1365 1447 fami-

85 1471 236 1511 liarium
265 1472 560 1520 comitantibus,
592 1471 761 1510 intendit
783 1471 933 1522 fugam.
965 1472 1101 1522 Neque
1135 1471 1283 1522 segnius
1309 1484 1364 1511 te.-

84 1535 298 1585 fistebatur,
329 1535 486 1576 nolente
513 1537 787 1585 imperatorem
818 1535 1028 1585 relinquere
1050 1534 1197 1583 milite,
1237 1549 1258 1574 a
1285 1548 1361 1586 quo

82 1596 234 1637 relietus
266 1607 381 1648 atque
404 1598 578 1648 proditus
601 1597 680 1647 ipsc
710 1606 802 1636 erat.
834 1597 1012 1636 Tandem
1045 1595 1111 1635 sub
1134 1595 1267 1635 horam
1297 1596 1363 1636 de-

84 1659 249 1706 cimam,
273 1660 462 1700 clamante
487 1671 601 1710 atque
625 1661 819 1710 rogitante
846 1658 1014 1705 Caesare,
1038 1658 1137 1711 cujus
1170 1658 1278 1710 igitur
1300 1672 1365 1696 au<-

73 1723 221 1776 fin‘ciis,
255 1723 357 1776 cujus
384 1725 423 1762 in
452 1725 605 1777 gratiam
632 1735 828 1775 pugnarent
856 1724 931 1776 post
960 1723 1178 1775 imperatoris
1202 1722 1362 1775 fitgam?

82 1784 146 1822 vix
169 1784 317 1824 inducti
346 1784 452 1832 sunt,
479 1795 523 1824 ut
553 1784 721 1823 oblatam
748 1782 847 1823 ultro
874 1785 1025 1822 veniam
1055 1783 1227 1832 accipere
1259 1783 1362 1822 fate-

81 1853 222 1886 rentur.
244 1845 329 1885 Pars
348 1853 500 1893 tamen,
524 1846 571 1884 ad
589 1844 839 1884 sublevandas
861 1856 977 1883 naves
1002 1843 1179 1893 projectis
1204 1844 1241 1881 in
1258 1856 1367 1883 mare

24 1922 26 1924 ’
77 1906 245 1946 4ίῑιιιπίὶπιε
267 1916 381 1957 atque
402 1907 670 1954 armamentis,
686 1906 881 1945 abierunt:
899 1905 1036 1956 quibus
1060 1905 1222 1953 omiffis,
1241 1906 1363 1946 Caesa-

82 1970 178 2009 riani
203 1978 372 2009 carentes
398 1970 491 2009 velis
507 2002 518 2017 ,
541 1973 575 2010 ἂ
598 1979 749 2009 tantum
776 1970 824 2009 ad
851 1982 1025 2019 pugnam
1048 1969 1194 2019 parati,
1219 1980 1363 2010 cetera.

79 2044 165 2070 rum
192 2031 324 2081 fugam
351 2031 537 2082 impedire
560 2032 645 2071 satis
676 2033 771 2079 rati,
805 2032 884 2079 jam
906 2031 1087 2070 audacius
1111 2033 1145 2071 ἅ
1172 2032 1363 2081 apertius,

74 2092 332 2139 multitudine
351 2095 507 2133 navium
539 2096 574 2133 δε
595 2102 710 2133 vento
741 2094 894 2133 favente
918 2092 1029 2140 freti,
1054 2093 1345 2143 oppugnabant.

135 2163 180 2203 V.
198 2163 296 2214 Ergo
320 2163 540 2214 crudelior,
554 2179 669 2215 quam
689 2173 820 2211 antea,
835 2176 962 2214 pugna
986 2163 1060 2202 effe
1072 2171 1266 2212 coeperat,
1289 2173 1373 2202 nec,

83 2225 165 2273 jam
202 2224 498 2274 gubernatorum
522 2225 675 2264 artibus
719 2228 754 2265 Sc
790 2225 941 2264 suarum
975 2225 1169 2264 celeritate
1202 2224 1367 2263 navium„

80 2293 286 2327 contentus
315 2286 469 2327 Caesar-is
486 2286 599 2326 miles
615 2317 627 2336 ,
651 2287 909 2327 conscendere
936 2287 1091 2327 hostiles
1109 2318 1120 2335 ,
1151 2289 1208 2333 Sc,
1233 2285 1377 2324 trac‘tis.

83 2350 126 2391 in
149 2361 317 2400 praeceps
350 2358 416 2389 aut
440 2349 594 2400 repulfis
631 2350 1008 2401 propugnatoribus,
1044 2350 1205 2390 evadere
1232 2348 1277 2389 in,
1303 2355 1375 2391 tas-

131 2485 158 2530 §
180 2485 237 2519 111.
262 2482 353 2520 Pl'uae.
384 2485 466 2521 Dio.
488 2485 581 2520 Flor.
601 2495 653 2527 4,,
672 2496 721 2519 ιο.
746 2457 851 2531 §iffi
877 2485 1003 2530 Vellcj.
1029 2485 1118 2518 Plut.
1139 2484 1233 2520 Dio.

1054 2540 1095 2583 H
1117 2556 1147 2594 4
