1617 2963
224 204 317 251 260
380 202 473 248 JO.
515 193 1007 244 FREINSHEMII
1049 196 1398 243 SUPPLEM.

220 310 388 351 reddita.
429 307 484 346 M.
527 303 699 345 Licinius
728 301 784 342 M.
817 301 857 341 F.
895 301 1062 351 Crassus,
1093 302 1162 343 Cn.
1189 302 1388 343 Cornelius
1421 303 1490 348 Cn:

222 372 264 412 F.
297 367 478 410 Lentulus
509 378 628 416 augur
654 363 826 404 consules
848 362 1062 413 sequuntur.
1095 365 1182 404 Hoc
1211 378 1311 404 anno
1345 366 1493 405 curules

219 432 379 478 aediles,
411 442 498 469 cum
530 429 627 466 vitio
662 426 774 465 creati
818 425 1071 475 abdicassent,
1107 426 1233 466 statim
1269 427 1350 466 aliis
1375 428 1496 466 comi-

220 493 283 533 tiis
310 491 461 539 refecti,
491 488 668 539 exemplo
696 490 799 539 prius
827 488 1025 536 inaudito,
1054 488 1309 539 magistratum
1340 488 1492 540 gessere.

218 553 392 595 Porticus
412 550 531 592 Paulli
564 549 834 600 conflagravit,
859 549 1043 589 incendio
1075 550 1190 589 etiam
1221 550 1337 590 Vestae
1373 546 1496 590 aedem

220 616 413 655 adflante:
437 622 589 663 propter
615 624 725 662 quem
752 619 923 661 metum,
944 613 1049 663 quod
1074 612 1283 652 maximam
1302 610 1495 662 Virginem

222 679 373 717 'caecitas
403 676 556 716 arcebat
588 688 633 714 eo
666 673 817 722 officio,
851 687 917 724 per
954 684 1095 714 ceteras
1125 676 1163 714 in
1187 676 1348 715 domum
1379 674 1498 715 Dialis

229 740 420 787 flaminis,
451 747 532 777 tum
562 731 789 784 vacantem'‚
813 736 938 775 delata
971 736 1074 776 sacra
1108 737 1206 776 sunt.
1258 737 1424 777 Porticus
1447 749 1504 775 rea

220 803 321 841 fecta
343 799 504 840 'Caesaris
529 800 563 839 &
591 799 800 838 amicorum
826 797 944 836 Paulli
968 799 1158 848 pecunia3
1185 812 1274 838 nam
1294 798 1363 837 filii
1389 800 1494 847 ejus,

221 872 385 914 quorum
426 863 581 901 nomine
608 860 725 899 fiebat
757 872 855 911 opus
874 890 884 908 ‚
916 858 967 899 ob
1008 870 1207 911 paternam
1235 860 1494 901 calamitatem

219 925 384 965 modicis
407 922 651 963 facultatibus
679 930 796 960 erant.

279 995 362 1034 LX.
394 993 450 1033 Ab
482 995 646 1031 externis
677 990 786 1031 bellis
817 1002 888 1030 nec
920 991 1026 1041 quies
1048 991 1228 1039 omnino,
1254 1004 1327 1031 nec
1352 992 1502 1043 pericu·¹

221 1054 303 1094 lum
336 1054 420 1094 fuit.
447 1053 751 1093 Pannonicorum
783 1052 956 1092 celeriter
980 1054 1147 1092 coercita
1172 1052 1355 1093 rebellio:
1377 1055 1413 1093 ἅ
1437 1054 1501 1094 Ι..ἰ-’

223 1127 358 1167 guoes,
391 1127 484 1164 quos
517 1115 698 1154 Comat'os
733 1113 951 1164 appellant,
975 1126 1063 1154 cum
1089 1113 1291 1153 maritimis
1317 1114 1500 1164 Alpibus„

222 1190 316 1228 quas
347 1176 527 1215 haetenus
551 1176 661 1215 liberi
690 1175 932 1226 possederant
949 1206 960 1224 ,
987 1176 1025 1214 in
1052 1175 1277 1226 potestatem
1303 1186 1498 1215 venerunt.

219 1237 351 1287 Major
391 1237 586 1287 aliquanto
619 1245 747 1277 motus
789 1237 837 1276 ad
871 1237 1081 1288 Bosporum
1116 1245 1271 1276 exortus
1309 1237 1498 1277 Scribonii

224 1301 343 1350 (1010,
367 1302 430 1351 qui
451 1301 487 1340 se
513 1300 661 1341 miffum
685 1301 733 1340 ab
758 1301 923 1351 Augusto
952 1299 1191 1339 defensorem
1216 1300 1320 1351 regni
1353 1301 1498 1339 menti„

223 1372 312 1413 tus,
338 1365 548 1406 Asandrum
583 1365 631 1404 ad
666 1376 802 1404 necem
849 1363 1102 1402 voluntariam
1139 1362 1387 1414 compulerat.
1427 1362 1498 1404 Ille

224 1428 352 1473 enim,
379 1426 470 1465 licet
496 1425 754 1475 nonagenario
781 1427 926 1474 major,
958 1424 1022 1464 sed
1053 1424 1196 1464 viribus
1224 1425 1399 1464 nondum
1426 1425 1501 1464 ab·-

223 1489 381 1535 sumtis‚
408 1487 459 1526 ob
485 1498 570 1526 earn
599 1488 778 1536 injuriam
813 1487 902 1526 cibo
932 1485 1121 1533 abstinuit.
1170 1485 1393 1526 Scribonius
1425 1500 1498 1525 ne·

221 1560 357 1601 potem
386 1549 422 1588 se
462 1548 702 1588 Mithridatis
740 1549 874 1599 Magni
913 1549 1065 1596 ferens,
1108 1547 1299 1600 Dynamin
1341 1547 1499 1588 Asandri

220 1611 363 1658 filiam,
389 1620 544 1661 neptem
577 1610 748 1657 eiusdem
772 1611 1006 1652 Mithridatis
1034 1624 1054 1650 e
1075 1611 1289 1659 Pharnace,
1319 1612 1379 1651 cui
1410 1624 1501 1651 mo-

220 1679 322 1716 riens
358 1676 525 1716 Asander
558 1684 717 1726 regnum
756 1674 982 1725 reliquerat,
1011 1675 1051 1712 in
1079 1672 1387 1723 matrimonium,
1410 1685 1502 1713 una-

224 1752 299 1790 que
322 1738 529 1788 Bosporum
555 1737 657 1786 quafi
688 1736 860 1776 dotalem
896 1736 1057 1787 accepit.

280 1806 381 1846 LXI.
414 1805 482 1844 His
519 1804 629 1843 rebus
658 1804 841 1853 cognitis,
869 1805 1036 1854 Agrippa
1070 1803 1270 1843 Polemoni
1300 1803 1379 1855 regi
1405 1804 1501 1843 Pon-

224 1870 305 1908 tico
335 1867 530 1905 mandavit
560 1865 635 1905 hoc
670 1865 825 1905 bellum.
858 1865 939 1916 Ipse
973 1875 1105 1916 rogatu
1136 1865 1329 1914 Herodis,
1358 1866 1422 1918 qui
1449 1868 1499 1905 ati

225 1945 315 1972 eum
337 1931 376 1969 in
408 1929 529 1969 Afiam
563 1938 741 1974 venerat,
782 1929 821 1966 in
854 1927 1025 1975 Judaeam
1063 1921 1284 1979 profectus,
1312 1929 1423 1968 urbes
1453 1929 1500 1968 ab

224 2008 314 2040 rege
339 2005 468 2033 recens
495 1991 670 2029 conditas
710 1989 898 2039 inspexit,
926 1989 1068 2043 ubique
1106 1989 1307 2040 magnifice
1333 1990 1500 2030 habitus.

221 2053 513 2103 ‘Hierosolymas
555 2052 666 2090 etiam
701 2050 799 2089 inter
842 2051 1124 2089 occurrentium
1154 2050 1262 2089 festas
1300 2063 1411 2090 voces
1446 2053 1504 2089 in-

225 2115 392 2167 grell'us,
415 2112 673 2152 hecatomben
703 2110 844 2151 obtulit
871 2112 951 2150 Deo
967 2142 979 2157 ‚
1009 2111 1244 2162 epulumque
1269 2111 1416 2162 populo
1437 2113 1503 2151 de-

228 2179 295 2217 dit.
326 2177 419 2216 Inde
441 2175 522 2225 post
557 2187 697 2224 paucos
728 2174 833 2221 dies,
863 2187 912 2212 ne
938 2173 1065 2212 hieme
1091 2174 1348 2223 navigandum
1382 2173 1502 2220 effet3

227 2242 268 2279 in
300 2239 453 2288 joniam
486 2239 657 2285 traiecit,
686 2238 846 2286 negotiis
874 2236 1080 2286 provinciae
1108 2236 1359 2276 vocantibus:
1391 2236 1501 2286 Bery-

227 2309 272 2341 to
309 2302 459 2339 interim
487 2298 637 2338 colonia
668 2300 858 2348 dedueta,
883 2311 966 2348 quae
988 2300 1194 2351 Augustana
1221 2297 1411 2348 appellata
1439 2297 1503 2336 est„

225 2362 298 2404 Per
325 2362 406 2401 haec
436 2371 608 2411 tempora
632 2359 840 2412 Polemon,
869 2361 984 2410 ducto
1020 2361 1060 2399 in
1090 2359 1328 2411 Bosporanos
1363 2359 1501 2400 exerci-

276 2488 299 2532 ς,
323 2487 409 2522 mx.
444 2486 524 2529 Djo.
