1617 2963
272 120 337 186 '56
399 123 493 171 JO.
539 119 1052 169 FREINSHEMII
1091 121 1457 171 SUPPLEM.'

274 232 353 273 tas,
383 227 418 265 &
437 225 540 275 quod
571 226 610 263 in
641 223 824 262 donando
848 231 929 263 erat
960 222 1207 275 largfflimus,
1231 224 1271 263 in
1297 224 1558 275 colloquendo

274 286 396 325 comis
418 315 429 333 ,
464 284 667 324 mirificum
696 285 729 323 ei
770 284 1003 326 conciliabat
1033 285 1216 326 favorem.
1259 287 1361 326 Tum
1400 299 1487 325 vero
1518 287 1556 326 se

278 358 376 385 curae
401 347 570 384 videntes
599 344 673 385 esse
694 345 915 396 imperatori
930 376 940 394 ‚
969 346 1019 385 fic
1045 346 1173 385 affecit
1196 348 1367 396 penitus,
1389 356 1431 386 ut
1447 347 1562 387 obliti

277 407 503 453 vulnerum,
537 420 611 443 eum
642 407 703 460 fici
735 407 840 459 ipstus
875 421 991 444 curam
1022 421 1117 460 agere
1151 407 1351 457 juberent:
1375 424 1412 448 eo
1428 410 1560 462 salvo,

266 470 393 523 salvos
415 469 564 515 milites,
584 468 728 521 fizlvum
751 482 880 506 omnem
903 469 1089 507 exercitum
1120 469 1211 521 sore.
1241 470 1337 510 Mox
1362 483 1451 510 cum
1476 470 1560 521 pul-

272 531 310 571 la
336 532 433 570 veste
458 531 674 581 proditurus
696 532 736 569 in
759 531 1015 579 concionem,
1030 533 1248 572 vetantibus
1267 545 1421 584 propter
1439 548 1560 576 omen

273 592 428 639 amicis,
456 593 742 643 imperatoriam
777 604 983 641 purpuram
1019 591 1168 632 sumlit:
1200 593 1397 643 verbisque
1425 594 1560 639 factis,

275 665 364 695 curn
399 656 559 694 vidiores
587 653 798 699 laudaffet‚
829 654 956 704 pulsos
998 654 1208 702 incusaret3
1237 656 1333 695 adeo
1371 657 1560 696 commoti

275 715 386 765 sunt,
406 717 471 765 qui
497 715 777 765 arguebantur,
806 725 874 762 ut,
899 715 1015 755 caufis
1039 717 1137 765 fugae
1161 717 1337 755 indicatis
1353 747 1364 764 ,
1382 730 1498 757 tamen
1516 720 1560 772 fi

273 777 334 817 vel
354 777 598 823 decimandos,
627 777 685 813 vel
713 776 887 814 arbitram
909 776 983 828 ejus
1004 778 1201 828 puniendos
1225 775 1426 826 offerrent,
1458 779 1559 817 modo

274 839 400 892 tristari
431 838 638 888 imperator,
664 835 698 873 δ’
723 850 811 888 aegro
832 836 894 888 eff}
920 838 1035 874 animo
1067 839 1236 887 deflueret.

347 899 490 941 XVIII.
521 900 623 939 Tum
650 898 714 937 ille
745 898 902 937 viciffim
937 901 1059 938 taetus
1087 899 1164 938 hoc
1189 901 1319 940 animo
1349 901 1552 952 obsequio·

274 976 349 1014 que
372 962 537 1003 militum
552 993 563 1011 ,
584 961 739 1002 sublatis
765 963 802 1001 in
825 962 965 1002 coelum
993 961 1156 1012 palmis,
1186 965 1257 1001 Vos
1280 979 1383 1014 vero,
1403 965 1554 1014 inquit,

275 1027 346 1066 Dii
372 1027 524 1079 Deaeque
540 1040 655 1064 omnes
668 1056 681 1073 ,
704 1040 841 1079 precor,
865 1038 903 1064 ut
917 1026 954 1078 fi
979 1026 1065 1077 quid
1094 1026 1215 1078 isthinc
1237 1040 1399 1078 praeterea
1422 1029 1560 1079 impen-

273 1088 325 1129 dit
345 1086 563 1124 calamitatis
576 1115 588 1131 ,
609 1087 648 1124 id
665 1100 760 1124 omne
783 1101 889 1124 meum
920 1087 956 1124 in
979 1098 1084 1137 caput
1104 1099 1238 1126 vertat:
1265 1099 1303 1124 at
1322 1102 1386 1124 vos
1411 1099 1481 1125 tam
1500 1089 1559 1125 bo-

275 1148 331 1186 nis
348 1178 360 1193 ‚
383 1160 517 1198 tamque
544 1147 747 1186 amantibus
770 1147 833 1184 mei
853 1146 1025 1184 militibus
1047 1148 1189 1197 parcite.
1213 1147 1286 1186 Sed
1315 1146 1398 1185 haec
1425 1156 1560 1186 mutua

277 1209 377 1247 inter
411 1208 683 1257 imperatorem
715 1210 750 1250 &
786 1209 996 1247 exercitum
1034 1207 1301 1248 benevolentia
1335 1208 1384 1246 sic
1415 1208 1563 1247 confir-

274 1269 396 1311 mavit
429 1270 597 1315 animos,
630 1280 672 1309 ut
697 1268 848 1317 hostes,
883 1271 949 1319 qui
982 1269 1065 1319 post
1099 1269 1197 1311 banc
1226 1271 1424 1310 vidioriam
1461 1267 1558 1309 nihil

275 1345 356 1375 non
381 1331 447 1370 fibi
467 1330 750 1382 pollicebantur
766 1363 778 1378 ,
804 1331 869 1381 spe
891 1331 954 1372 sua
977 1331 1204 1382 judicioque
1232 1344 1462 1381 magnopere
1487 1330 1558 1369 fal.

273 1391 455 1436 letentur.
482 1392 541 1432 Illi
567 1406 702 1433 contra
730 1393 1178 1437 suamiconsuetudinem
1208 1406 1327 1444 prope
1351 1394 1466 1433 castra
1484 1393 1561 1433 Ro.

274 1467 389 1494 mana
413 1457 753 1505 pernorstaverant3
783 1456 816 1494 &
839 1455 1079 1497 affluentibus
1105 1454 1146 1494 in
1170 1454 1286 1496 horas
1313 1454 1417 1503 aliis,
1442 1454 1559 1510 (nam

276 1519 313 1557 ἃ
340 1529 387 1556 ex
419 1527 605 1567 perpetuo
638 1519 824 1556 comitatu
859 1516 951 1564 suo,
979 1526 1161 1567 tanquam
1189 1517 1238 1555 ad
1263 1526 1432 1566 paratam
1462 1529 1559 1566 prae-

276 1579 391 1626 darn,
423 1578 566 1618 multos
587 1591 650 1616 rex
675 1578 883 1626 mittebat)
911 1547 958 1617 ad
985 1591 1188 1618 numerum
1214 1578 1462 1649 quadraginta
1476 1576 1560 1616 mil-

276 1641 375 1684 lium
393 1640 565 1691 equitum
590 1641 712 1689 audii,
727 1640 923 1681 Romanos
943 1641 1012 1680 iter
1031 1640 1214 1680 facientes
1236 1625 1462 1680 invaserunt.
1481 1639 1558 1680 Sed

276 1701 448 1742 alacriter
472 1701 519 1741 ab
543 1700 600 1741 his
628 1710 879 1751 repugnatum
908 1700 980 1748 est,
1012 1701 1136 1739 donec
1161 1713 1227 1750 per
1252 1700 1413 1740 declivia
1433 1700 1558 1738 eunti-

275 1762 346 1802 bus
386 1761 527 1802 rursum
561 1763 742 1801 acerrime
774 1761 988 1802 institerunt
1017 1762 1168 1810 Parthi,
1206 1771 1311 1803 tanta
1345 1761 1559 1803 multitudi-

274 1838 325 1867 ne
352 1826 571 1875 sagittarum
604 1824 788 1870 immissa,
811 1835 853 1864 ut
878 1837 984 1875 paene
1009 1824 1270 1864 obruerentur.

328 1889 441 1931 XIX.
473 1889 530 1930 Ibi
569 1887 665 1937 jussu
701 1888 860 1931 Antonii
893 1887 1121 1937 legionarius
1156 1887 1287 1935 miles,
1323 1888 1483 1938 receptis
1513 1889 1553 1928 in

271 1953 446 1994 medium
467 1951 645 1992 velitibus
675 1953 709 1990 δι
742 1952 936 2000 equitatu,
961 1950 1186 1990 testudinem
1215 1950 1307 1989 fecit
1324 1980 1335 1998 ,
1370 1951 1409 1988 in
1437 1963 1552 2000 quam

272 2010 498 2055 cadentibus
533 2012 698 2062 sagittis,
740 2011 906 2052 hostium
950 2011 1134 2061 pharetrae
1173 2011 1249 2050 fine
1280 2024 1378 2050 noxa
1418 2012 1551 2051 militis

271 2074 567 2118 exhaurirentur.
600 2073 820 2113 lnufitatum
847 2072 889 2111 id
915 2070 1171 2121 speciaculum
1203 2085 1280 2111 non
1313 2085 1390 2111 uuo
1427 2085 1552 2113 errore

273 2138 424 2187 decepit
447 2135 613 2176 Parthos.
637 2135 761 2175 Primo
780 2136 882 2175 enim
899 2164 910 2180 ‚
935 2146 1022 2176 cum
1039 2135 1079 2174 in
1097 2134 1282 2178 finistrum
1298 2147 1396 2184 genu
1418 2146 1555 2174 omnes

269 2197 581 2250 procubuissent,
620 2197 786 2246 essetque
820 2196 924 2234 idem
961 2196 1008 2234 ab
1048 2197 1155 2246 equis
1190 2196 1238 2236 ad
1270 2195 1344 2236 hoc
1374 2196 1553 2236 exercitis

268 2251 415 2301 fac'tum
433 2290 443 2306 ,
476 2259 622 2298 barbari
652 2257 873 2299 vulneribus
913 2261 947 2297 ἃ
969 2258 1194 2308 fatigatione
1222 2257 1385 2296 deficere
1414 2257 1554 2299 Roma-

272 2335 342 2363 nos
370 2321 475 2365 simul
501 2334 634 2366 ornnes
662 2321 754 2369 rati,
779 2320 920 2360 omiffis
941 2320 1102 2363 arcubus
1125 2322 1364 2370 arripuerunt
1389 2326 1546 2366 contos,

320 2448 343 2493 5
366 2448 474 2483 XVII.
506 2447 596 2483 mut.
625 2447 770 2496 Appiam
791 2447 814 2494 5
839 2447 965 2485 XVIII.
986 2448 1076 2484 Plut.
1102 2446 1250 2493 Appiana
