1617 2963
229 155 335 241 ’.ΙΝ
375 192 542 240 Lot:
588 191 726 239 Lis.
768 190 1187 238 cxxxiiimv.
1260 206 1387 259 155⁵,

80 309 312 355 potuerunt,
339 301 436 341 illud
471 301 587 339 etiam
619 299 808 347 fecerint3
841 297 1070 349 praesertim,
1109 309 1197 337 cum
1240 298 1275 337 ὃς
1310 298 1351 336 in

79 366 175 404 urbe
201 364 311 403 fuisse
338 361 485 412 templa
510 361 689 411 Augusti,
712 360 817 401 haud
848 360 1122 401 contemnendi
1151 361 1351 407 aut‘torcs,

79 440 101 466 a
134 426 271 476 quibus
297 424 373 463 visa
401 424 508 468 sunt,
533 422 789 473 prodiderint.

133 488 319 528 LXXXI.
353 486 422 527 Per
454 487 538 526 haec
567 486 697 524 exadta
733 483 886 533 hieme,
922 478 1042 524 Caesar
1069 484 1111 522 in
1143 483 1354 529 Graeciam,

79 557 193 600 utque
219 549 309 587 inde
331 560 352 586 a
377 546 565 587 Corintho
586 544 823 585 Brundisium
846 544 1057 584 transmisit.
1093 545 1191 584 Cum
1219 546 1354 584 urbem

81 610 268 656 intraret,
288 611 386 648 inter
414 607 611 646 occursum
639 606 763 645 omnis
790 605 956 653 ordinis,
981 606 1119 652 aetatis,
1150 605 1351 655 sexusque,

78 670 212 721 paffirn
241 670 419 710 sacrificia
443 682 489 708 ex
511 665 832 707 senatusconsulto
857 667 983 707 farta:
1025 668 1059 705 ὃ(
1083 666 1250 707 Valerius
1276 668 1353 706 Po-

78 734 191 781 titus,
218 734 282 783 qui
315 741 397 772 tum
420 732 460 770 in
489 731 578 770 anni
602 740 709 781 parte
735 728 973 769 consulatum
998 729 1172 780 gerebat,
1194 733 1353 771 nomine

80 795 230 835 senatus
260 795 469 847 populique
506 793 667 833 Romani
700 791 909 841 majoribus
944 790 1072 829 hostiis
1104 790 1216 837 fecit,
1248 803 1352 830 novo

76 858 125 896 ad
148 857 229 896 haec
250 857 367 907 usque
381 865 554 907 tempora
576 856 734 910 honore.
761 855 905 905 Magna
921 866 988 904 per
1001 866 1065 892 eos
1083 853 1162 892 dies
1177 854 1352 893 omnium

76 918 254 958 ordinum
281 918 411 958 laetitia
445 919 542 966 fuit,
578 920 688 956 aucta
719 917 944 962 liberalitate
969 915 1145 964 Caesaris,
1181 916 1242 954 cui
1272 923 1354 955 tum

74 994 184 1031 pares
222 982 350 1021 animo
398 981 538 1019 divitiae
575 980 803 1030 obtigerant.
844 979 941 1029 Ergo
970 972 1157 1018 ‘munifice
1191 978 1355 1017 donavit

75 1042 192 1081 duces
212 1041 296 1081 suos
314 1072 324 1090 ,
354 1043 413 1090 &,
432 1050 474 1082 ut
498 1041 752 1088 solitus.erat,
778 1039 1012 1079 collaudavit
1027 1071 1040 1087 ,
1064 1038 1362 1089 honoribusque·

74 1103 270 1153 exquifitis
298 1099 461 1151 eutulit3
489 1104 692 1152 Agrippam
716 1102 792 1141 hoc
817 1101 958 1141 eximio
975 1131 985 1149 ‚
1019 1101 1124 1156 quod
1148 1100 1352 1141 caeruleum

74 1167 111 1204 ei
142 1165 326 1205 vexillum
352 1166 456 1204 dono
481 1164 783 1210 dedit,'navalis
809 1163 975 1202 victoriae
1006 1156 1236 1202 testimonio.
1269 1162 1353 1202 Nec

75 1226 263 1267 militibus
287 1227 405 1266 modo
432 1226 557 1265 divisit
592 1226 822 1275 pecuniam,
852 1224 915 1263 sed
945 1227 980 1264 ἅ
999 1224 1145 1276 populo
1173 1237 1351 1279 nummos

75 1290 356 1340 quadringenos
398 1301 446 1328 ex
485 1288 674 1327 bellorum
708 1287 897 1327 manubiis
931 1288 1063 1327 dedit:
1102 1286 1241 1326 adultis
1277 1286 1354 1337 pri-2

73 1362 204 1396 mum,
231 1350 372 1389 deinde
397 1351 433 1389 ἃ
452 1350 580 1399 pueris
605 1350 774 1387 Marcelli
800 1349 981 1396 nomine,
1004 1361 1118 1397 quem
1138 1348 1265 1391 sorore
1286 1346 1351 1389 sua

12 1416 20 1418 “
75 1424 206 1453 natum
224 1443 235 1461 ‚
274 1412 300 1452 fi
325 1411 451 1452 nullos
475 1411 553 1462 ipse
575 1411 672 1450 filios
707 1411 936 1463 susciperet,
969 1413 1047 1459 jam
1077 1410 1160 1458 tum
1184 1410 1232 1449 ad
1267 1423 1352 1461 gra-

75 1476 169 1514 tiam
190 1474 332 1513 civium
358 1473 606 1524 producebat.
1033 1465 1040 1468 ’

125 1535 329 1576 LXXXII.
366 1535 587 1585 municipiis
608 1536 748 1581 etiam,
770 1534 834 1574 sed
853 1537 889 1575 δε
906 1533 1204 1586 provincialibus
1218 1564 1229 1582 ‚
1252 1547 1347 1585 quo.

71 1609 157 1637 rum
180 1598 219 1635 in
242 1608 351 1646 agros
375 1597 549 1640 deduffbae
574 1609 694 1646 nuper
721 1595 884 1639 coloniae
908 1605 1034 1645 erant,
1063 1598 1261 1647 ingentem
1283 1609 1350 1647 pe-

71 1657 224 1699 cuniam
250 1658 487 1697 numeravit:
511 1659 604 1709 quod
626 1657 782 1707 quidem
806 1658 921 1709 fhlum
947 1660 982 1700 6³
1004 1673 1108 1704 unum
1130 1649 1280 1696 &mnium
1290 1658 1347 1710 ft-

68 1718 169 1770 affe,
196 1717 255 1769 qui
280 1717 518 1787 deduxzffint,
541 1717 642 1756 haud
668 1717 762 1756 falso
791 1717 973 1769 gloriatus
998 1719 1071 1767 eft-r
1089 1719 1162 1759 His
1188 1719 1236 1757 de
1258 1731 1347 1758 cau„

70 1779 139 1826 iis,
164 1780 200 1817 ‹S‘c
227 1778 314 1828 quia
339 1790 410 1817 nec
432 1778 511 1817 auri
539 1779 724 1818 coronarii
757 1781 914 1818 nomine
940 1782 1150 1831 quidquam
1176 1781 1344 1830 accipie-

70 1842 137 1881 bat
158 1841 206 1881 ab
230 1841 362 1890 Italis,
389 1844 484 1892 quin
507 1843 542 1884 ἃ
562 1842 629 1882 sua
656 1841 785 1881 debita
806 1842 995 1891 reddens,
1022 1856 1107 1893 quae
1126 1842 1190 1882 fibi
1218 1842 1346 1882 adhuc

73 1916 122 1947 ex
144 1903 322 1953 imposito
347 1903 491 1943 tributo
509 1902 770 1951 debebantur,
789 1903 1033 1942 remittebat:
1064 1904 1343 1953 praeteritorum

70 1965 263 2005 malorum
285 1964 431 2006 oblivio
455 1966 556 2015 cepit
579 1978 713 2009 omnes
724 1963 1012 2015 ,triumphique
1031 1966 1136 2014 ejus,
1164 1974 1346 2014 tanquam

70 2027 121 2064 de
148 2025 356 2076 peregriniS
384 2021 638 2074 ducerentur,
663 2025 833 2064 hilariter
860 2026 1028 2076 spectati.
1060 2026 1155 2066 Tres
1183 2033 1339 2072 autem,

68 2088 189 2129 tribus
219 2087 408 2129 continuis
428 2089 588 2138 diebus,
615 2089 736 2128 duxit.
766 2087 1028 2128 Dalmaticum
1053 2090 1089 2128 δε
1113 2087 1337 2139 illyricum,

15 2158 19 2162 ’
70 2148 194 2197 deque
224 2148 456 2197 Pannoniis,
492 2149 703 2200 japydibus
725 2151 760 2188 Sc
787 2149 956 2188 finitimis
984 2162 1140 2199 eorum,
1169 2150 1338 2198 itemque

69 2209 117 2251 de
143 2206 335 2257 Gallorum
370 2216 481 2259 atque
506 2210 780 2251 Germanorum
815 2210 993 2262 populis,
1028 2224 1124 2288 quos
1157 2209 1335 2261 auspiciis

22 2268 24 2270 ’
69 2272 151 2318 ejus
182 2270 224 2309 C.
251 2269 423 2312 Carrinas
450 2271 602 2313 vicerat.

127 2395 149 2438 §
174 2394 309 2430 LXXX.
331 2396 470 2428 Sueton.
493 2396 526 2427 in
546 2397 633 2441 Aug.
658 2408 687 2429 c.
720 2407 771 2439 59.
798 2398 906 2431 Philo.
927 2397 1064 2431 Aristot.
1079 2398 1179 2438 polit.
1208 2409 1248 2437 5
1273 2406 1328 2433 Π,

69 2438 258 2491 §LXXXL
282 2440 360 2473 Dio.
387 2441 494 2472 Strab.
512 2442 534 2472 l.
556 2451 603 2472 ιο.
602 2425 749 2485 Vellej.
766 2453 807 2483 2,
802 2443 885 2487 89.
912 2443 934 2487 §
960 2443 1128 2476 LXXXII.
1150 2442 1231 2483 Dio
1250 2443 1336 2476 Sue·

66 2493 145 2521 ison.
163 2482 195 2517 in
218 2486 304 2532 Aug.
329 2496 357 2521 c.
382 2495 436 2520 2¹2
455 2485 563 2528 Appia
568 2498 599 2519 n.
622 2486 713 2529 lllyr.
