1617 2963
173 190 254 238 IN
300 186 465 235 roc,
513 184 653 232 ΜΒ.
709 180 961 230 cxxxw
1010 178 1156 227 ων.
1229 191 1322 243 237

44 296 209 336 sororem
228 297 420 341 Murenae‚
441 289 689 332 Terentillam
710 288 925 327 adamabat.
953 287 1063 326 Hanc
1085 293 1212 325 tamen
1231 297 1321 335 ape„

42 358 153 397 ruilse
178 358 282 397 fratri
305 356 493 395 creditum
520 351 585 390 libi
614 363 635 388 a
660 349 871 388 Maecenate
899 348 1080 386 secretum
1114 356 1321 396 compertae

44 421 316 471 conjurationis
333 434 348 466 ;·
377 429 498 467 eoque
530 413 713 453 maturius
737 412 871 462 fugiss'e
895 425 978 450 reos
1011 411 1131 451 Caesar
1154 411 1322 461 suspica-

48 493 134 532 tus,
150 496 237 522 oum
259 494 380 531 neque
399 480 598 519 defuturos
620 483 789 526 putaret,
805 476 869 524 qui
886 473 1146 521 absolverent,
1164 474 1188 512 s1
1206 473 1323 512 latere

46 546 276 598 potuissent,
296 545 418 595 legem
436 542 522 581 tulit
541 541 588 580 de
608 539 686 587 his,
702 539 766 588 qui
790 538 977 586 judicium
1003 538 1250 588 defugerent,
1267 536 1324 576 uti

47 608 119 648 hos
140 607 308 647 damnari
330 605 502 645 absentes
522 602 578 641 fas
601 599 691 639 effet
706 630 717 647 ‚
743 602 779 639 ὃς
801 600 839 637 ἱη
867 598 1007 637 talibus
1034 598 1150 637 causis
1172 598 1321 648 judices

48 668 175 720 palam
198 667 372 717 suffragia
395 666 546 703 ferrent.
574 661 617 701 Id
647 660 823 700 utilitatis
849 658 1011 708 publicae
1042 659 1175 705 causa,
1200 671 1277 696 non
1301 670 1327 698 a

46 732 199 782 propria
215 732 288 775 ira,
303 727 428 767 feciffe
444 725 626 766 Caesarem
640 754 651 772 .,
665 730 889 773 argumento
908 721 1002 769 fuit,
1021 722 1125 770 quod
1141 720 1324 771 sequitur.

104 792 193 832 XII.
216 790 311 829 Cum
339 801 437 838 aqua
455 789 490 825 δι
512 786 593 836 igni
615 785 686 825 reis
708 783 950 822 interdictum
977 781 1066 820 esset
1081 813 1090 830 ‚
1105 782 1328 831 Caepionem

46 851 175 892 servus
196 851 233 889 in
264 851 352 890 cista
375 847 514 887 detulit
544 847 592 886 ad
620 846 816 885 Tiberim:
845 846 1140 895 pervectumque
1167 844 1329 892 Ostiam,

49 914 91 952 in
118 912 389 953 Laurentinum
411 909 526 960 patris
544 907 732 956 Caepionis
753 907 867 945 noctu
895 904 1080 955 perduxit.
1108 904 1202 945 Inde
1226 904 1329 943 clam

48 987 254 1027 pervenere
279 974 418 1013 Cumas
435 1002 444 1018 ,
473 968 754 1019 conscensoque
777 968 952 1018 navigio,
975 967 1261 1018 tempestatibus
1278 967 1329 1006 ad

49 1035 244 1087 Neapolin
268 1036 406 1083 ejecti,
435 1045 522 1071 cum
555 1031 825 1081 proderentur,
845 1030 883 1066 in
907 1041 951 1067 ea
980 1029 1073 1067 urbe
1102 1028 1229 1067 servus
1253 1029 1332 1068 Cae„

49 1101 210 1149 pionem
236 1095 463 1136 abscondit:
494 1091 750 1143 exceptusque
773 1104 794 1130 a
815 1091 1062 1138 centurione,
1079 1102 1150 1128 nec
1175 1092 1232 1137 vi,
1255 1102 1330 1129 nee

53 1159 195 1206 minis,
237 1165 279 1194 ut
312 1154 512 1194 dominum
557 1153 771 1203 proderet,
803 1151 1010 1201 expugnari
1049 1151 1185 1201 potuit.
1228 1151 1331 1190 Hero

50 1227 181 1258 tamen
217 1217 337 1266 pietas
371 1227 415 1253 ea
460 1226 538 1252 non
571 1213 744 1263 profuit,
778 1213 870 1262 quin
905 1211 1058 1251 alterius
1090 1211 1180 1251 servi
1217 1211 1331 1250 scele-

52 1291 94 1318 re
125 1275 407 1328 deprehensus,
439 1287 573 1326 poenas
607 1283 729 1313 morte
758 1275 874 1312 daret.
919 1273 964 1313 In
994 1273 1052 1312 his
1078 1273 1229 1313 duobus
1262 1286 1336 1324 pa-,

53 1350 112 1381 ter
143 1341 270 1391 Caepio
300 1339 494 1378 liberrime
528 1338 644 1377 animi
679 1337 734 1376 sui
765 1337 952 1387 judicium
982 1337 1172 1385 exercuit,
1201 1349 1333 1376 manu·¹

54 1402 164 1443 misso
188 1401 293 1441 fideli
320 1400 424 1440 servo
444 1414 455 1449 3
486 1401 682 1450 proditore
704 1401 754 1438 ad
781 1399 1007 1450 supplicium
1030 1399 1151 1437 crucis
1174 1411 1240 1448 per
1256 1411 1333 1437 me-

56 1465 162 1504 dium
200 1463 327 1502 forum
358 1472 491 1513 rapto,
523 1464 558 1501 ἅ
589 1459 742 1500 titulum
767 1462 890 1499 meriti
933 1458 1062 1510 palam
1095 1459 1331 1509 praeferente,

54 1527 170 1568 Unde
196 1528 231 1566 ἃ
263 1524 342 1575 ipse
366 1537 443 1563 non
472 1523 678 1572 inglorius,
708 1525 743 1562 ἅ
767 1522 962 1561 celebrata
989 1520 1226 1560 sermonibus
1255 1523 1333 1560 Au-

58 1591 153 1643 gusti
180 1590 333 1639 aequitas
361 1588 456 1635 fuit,
484 1588 565 1626 haec
604 1587 735 1625 omnia
760 1586 863 1625 civili
893 1586 1022 1624 animo
1055 1585 1227 1624 ferentis.

117 1653 228 1693 XIII.
265 1653 400 1702 Neque
443 1650 658 1696 dubitatur,
689 1649 780 1698 quin
814 1649 929 1686 etiam
963 1647 1201 1697 iniquissimis
1230 1645 1336 1686 satist

55 1714 224 1754 facturus
258 1707 496 1760 fuerit3'nis1
527 1723 616 1749 mox
645 1711 686 1748 in
721 1709 865 1759 judicio
901 1708 1088 1756 Castricii,
1119 1721 1185 1758 per
1217 1721 1333 1758 quem

57 1778 106 1816 de
131 1777 397 1825 conjuratione
426 1782 677 1824 cognoverat,
707 1782 863 1812 exorato
896 1784 1024 1810 coram
1054 1771 1250 1819 judicibus
1273 1783 1336 1809 ac-

56 1838 252 1886 cusatore,
277 1850 383 1875 reum
414 1836 613 1886 eripuisset.
644 1833 768 1876 Etiam
792 1835 956 1875 Murena
991 1834 1247 1884 deprehensus
1273 1847 1337 1884 pe·

59 1900 135 1940 tiit.
149 1901 210 1939 cui
225 1899 427 1939 Athenaeus
443 1897 710 1949 philosophus,
725 1897 887 1937 Romam
910 1897 1119 1943 deductus,
1135 1908 1223 1935 cum
1234 1897 1337 1946 fugae

58 1969 230 2009 tantum,
253 1973 332 1999 non
348 1961 461 2000 etiam
483 1959 629 1999 sceleris
645 1991 656 2007 ,
676 1958 797 1998 socius
820 1957 930 1997 fuisse
945 1959 1157 2005 videretur,
1181 1958 1227 1996 ab
1250 1958 1334 1996 Cae-

57 2022 136 2062 sare
163 2022 331 2062 dimissus
354 2023 416 2063 est.
459 2023 603 2063 Eodem
628 2031 826 2072 ternpore,
849 2021 1019 2072 Cyprum
1045 2022 1079 2060 ἃ
1107 2021 1335 2060 Narbonen-

57 2084 137 2124 sem
174 2084 358 2134 Galliam,
395 2094 546 2136 pacatas
582 2087 658 2134 jam
707 2084 921 2133 provincias
944 2114 955 2130 ‚
987 2082 1134 2133 populo
1177 2081 1335 2120 restituit

60 2148 206 2188 caesar:
235 2150 269 2187 &
300 2161 348 2187 ex
371 2161 416 2186 eo
442 2146 689 2198 proconsules
712 2148 751 2185 in
785 2146 852 2185 has
882 2144 989 2185 miffi.
1021 2145 1124 2185 Tum
1156 2147 1190 2184 &
1214 2145 1337 2183 aedem

61 2207 169 2258 Jovis
201 2210 384 2249 Tonantis
418 2210 459 2247 in
496 2208 714 2259 Capitolio,
741 2208 962 2246 marmoreis
997 2220 1044 2246 ex
1069 2206 1190 2245 solida
1225 2205 1337 2255 gleba

60 2271 265 2322 parietibus
295 2272 493 2316 structam,
523 2272 742 2317 dedicavit,
779 2268 881 2308 bello
921 2269 1151 2309 Cantabrico
1183 2278 1340 2313 votam,

34 2346 150 2374 ‘curn
182 2346 250 2385 per
279 2336 509 2373 nocturnum
539 2333 609 2372 iter
635 2332 810 2371 lecticam
837 2334 918 2380 ejus
946 2330 1075 2382 fulgur
1108 2327 1340 2380 perstrinxis-

107 2454 131 2497 §
155 2453 214 2486 xl.
237 2453 362 2496 Vellej.
386 2464 423 2494 2,
444 2463 498 2495 9¹.
522 2451 600 2484 Dio.
625 2452 767 2484 Sueton.
789 2451 824 2482 in
847 2450 934 2494 Aug.
954 2461 982 2481 c.
1005 2448 1047 2479 66
1072 2447 1105 2480 &
1132 2449 1195 2487 60,
1213 2446 1245 2478 8<
1261 2446 1342 2480 Tam

72 2509 101 2533 e.
121 2499 153 2534 8.
180 2497 290 2533 Tacit.
316 2499 338 2543 §
357 2498 431 2533 ΧΠ.
448 2498 599 2532 Macrob.
615 2496 783 2534 saturnal.
805 2507 814 2529 ι
835 2520 845 2536 ,
863 2507 914 2535 ιι.
928 2495 1070 2529 Sueton.
1085 2494 1119 2525 in
1136 2492 1222 2537 Aug.
1239 2503 1266 2525 e.
1290 2492 1344 2535 56,Ἰ
