1617 2963
228 204 306 252 {N
352 205 518 251 LOC.
566 202 695 251 LIB.
741 201 989 252 CXXXIV
1022 206 1170 254 LIV.
1256 209 1345 255 161¹

75 311 172 350 riora
193 310 497 362 prospeculatum
524 310 725 360 expeditos
752 310 938 359 praemifit.
960 312 1029 351 His
1057 313 1161 362 vifis,
1192 313 1344 363 hostes,

72 385 162 412 cum
178 373 292 424 longe
313 373 436 413 abesse
458 372 573 411 robur
589 371 786 421 legionum
810 372 1080 413 arbitrarentur
1096 406 1105 423 ,
1130 388 1341 427 proruunt3

72 435 375 485 refugientesque
406 437 502 473 intra
537 433 645 473 filvas
674 433 822 481 secuti,
860 435 906 474 ab
936 437 1123 477 instructis
1153 440 1350 479 ordinibus

74 496 327 545 excipiuntur.
351 496 507 547 ‘Magna
536 496 589 534 ibi
618 495 767 544 statim,
806 510 945 547 magna
977 499 1156 548 deinceps
1195 500 1353 549 fugien-

76 558 174 596 tium
196 560 317 597 caedes
344 559 442 599 fuit:
476 560 588 598 carris
616 560 810 607 maxime,
842 559 977 608 quibus
1000 562 1114 600 castra
1144 562 1208 601 sua
1232 576 1254 601 a
1278 571 1356 601 ter-‘

77 630 126 667 go
150 617 361 668 sepserant,
385 629 581 669 receptum
603 619 926 669 impedientibus,
945 623 980 659 Sc
1007 624 1110 671 quod
1140 623 1197 661 his
1226 624 1353 674 impo-

77 679 164 721 sitos
189 694 278 720 cum
303 682 532 733 conjugibus
564 681 704 721 liberos
741 683 1040 733 haudquaquam
1074 687 1188 735 aequis
1215 686 1354 725 animis

83 742 317 783 deserebant.

134 804 178 843 V.
212 804 365 845 Nobilis
391 817 436 844 eo
468 801 556 844 Ioco
583 805 751 844 Romani
786 805 892 845 ducis
931 819 1061 858 pugna
1097 807 1193 856 fuit,
1230 807 1356 848 occiso

82 863 197 904 Crassi
223 866 401 905 manibus
424 866 590 905 hostium
617 879 704 917 rege
732 866 930 915 Deldone3
959 870 994 907 δε
1025 868 1051 906 fi
1081 867 1155 906 suis
1180 869 1358 918 auspiciis

82 941 162 966 rem
186 929 363 979 gessisset,
394 930 611 980 opimorum
639 929 846 980 spoliorum
875 932 990 970 decus
1010 940 1210 972 meruerat.
1238 932 1359 982 Quod

84 988 250 1029 hostium
281 991 379 1031 illud
413 992 594 1042 proelium
621 1005 700 1030 non
727 992 1011 1040 consumserat,
1038 994 1176 1043 partim
1206 993 1245 1031 in
1271 993 1361 1032 silva

81 1051 236 1090 incensa
261 1061 570 1102 concrememur,
597 1053 663 1092 alii
685 1083 696 1103 ,
719 1064 963 1105 expugnato,
985 1056 1026 1094 in
1044 1048 1153 1105 vquod
1177 1055 1362 1104 confuge-

83 1120 192 1159 rant,
221 1112 391 1162 oppido,
419 1113 655 1153 interierunt.
694 1113 849 1153 Fluvius
879 1115 996 1154 etiam
1022 1115 1139 1163 Ister,
1172 1117 1207 1155 Sc
1236 1114 1364 1165 sparsa

82 1187 152 1224 per
175 1187 282 1224 agros
302 1175 415 1224 fuga,
439 1172 569 1212 multis
594 1171 751 1210 exitium
778 1175 998 1209 attuleruut.
1035 1175 1210 1208 Maxima
1239 1176 1363 1207 moles

83 1233 124 1271 in
143 1232 360 1282 superandis
380 1235 423 1273 iis
443 1235 516 1272 fuit
531 1260 541 1278 ,
563 1234 624 1282 qui
651 1233 802 1270 munito
826 1243 875 1269 ex
894 1229 984 1269 loco
1011 1242 1079 1280 per
1104 1228 1251 1279 aliquot
1280 1230 1364 1269 dies

84 1293 163 1333 vim
200 1293 412 1331 Romanam
442 1291 684 1343 repulerunt,
721 1294 848 1332 donec
885 1291 995 1332 Rolis
1024 1291 1218 1338 adventu,
1250 1291 1365 1330 Geta-

86 1368 171 1395 rum
201 1355 344 1406 reguli,
376 1354 458 1394 haec
497 1367 650 1405 quoque
682 1353 809 1393 deleta
840 1365 975 1392 manus
1014 1361 1098 1392 tum
1137 1352 1293 1402 quidem
1325 1352 1363 1391 ei

88 1416 191 1456 bello
204 1417 320 1456 finem
334 1417 528 1467 imposuit.
550 1417 667 1456 Rolem
682 1416 781 1453 illum
793 1417 949 1454 Dicomae
961 1416 1078 1466 filium
1088 1413 1217 1466 fitiffr,
1233 1427 1364 1464 quam-2

90 1492 204 1530 quam
234 1479 330 1518 tradi
366 1479 541 1527 videam,
579 1477 763 1517 assensum
795 1476 978 1515 sustineo:
1019 1476 1172 1526 quando
1210 1475 1365 1515 nullum

91 1544 173 1590 ejus
200 1556 322 1592 neque
351 1543 612 1581 testimonium
637 1541 848 1588 idoneum,
874 1553 997 1591 neque
1020 1552 1288 1590 argumentum
1308 1539 1366 1577 af-

90 1603 219 1643 fertur.
255 1605 302 1644 ad
322 1604 505 1644 Caesarem
527 1605 616 1643 inde
642 1603 857 1655 profectum
878 1602 951 1642 effe
975 1602 1060 1641 satis
1086 1601 1251 1650 constat,
1269 1600 1364 1640 ami-

91 1677 256 1716 cumque
281 1679 325 1705 ac
351 1666 497 1705 socium
520 1664 728 1704 discessisse.

145 1729 210 1769 VI.
236 1730 304 1769 His
327 1729 378 1768 ita
396 1729 524 1779 gestis,
548 1728 691 1768 Crassus
711 1726 923 1768 Moesorum
951 1727 1147 1777 regionem
1167 1732 1367 1775 repetens,

96 1803 187 1830 cum
208 1790 414 1830 nonnullos
444 1790 666 1837 suadendo,
691 1800 838 1828 ceteros
863 1788 1000 1836 minis,
1027 1786 1371 1838 pertinaciffimum

95 1865 287 1903 quemque
315 1852 428 1892 armis
459 1851 687 1903 subegisset,
718 1863 841 1902 neque
876 1863 1014 1900 magna
1051 1862 1136 1900 pars
1173 1848 1370 1887 domanda

96 1914 324 1966 superesset,
351 1914 519 1953 hiemem
542 1914 586 1952 iis
610 1913 705 1953 locis
731 1913 890 1951 nimiam
915 1912 1075 1958 veritus,
1097 1913 1307 1950 exercitum
1329 1911 1373 1949 in

97 1975 295 2027 pacatiora
317 1974 477 2013 reduxit.
502 1975 564 2014 Sic
583 1985 756 2024 quoque,
774 1971 993 2023 priusquam
1015 1972 1257 2012 Macedoniae
1276 1972 1374 2010 fines

97 2040 322 2089 attingeret,
346 2024 368 2077 a
394 2038 534 2088 frigore
557 2035 760 2084 nonnihil,
788 2035 854 2075 sed
880 2037 1067 2074 atrociora
1092 2048 1113 2074 a
1134 2035 1375 2082 Thracibus,

99 2115 328 2155 quamquam
354 2101 488 2149 sociis,
516 2095 730 2151 perpessus,
750 2098 983 2149 propositum
1006 2097 1162 2136 ulterius
1189 2096 1256 2136 has
1282 2110 1376 2147 gen·-

100 2174 158 2206 tes
177 2166 344 2206 adeundi
373 2163 559 2215 deposuit.
604 2162 667 2203 Ob
693 2162 791 2200 hanc
820 2162 1020 2201 victoriam
1044 2160 1164 2200 Caesar
1192 2162 1378 2212 Imperator

103 2225 317 2278 appellatus
332 2226 403 2273 est,
419 2227 529 2276 eique
544 2224 768 2275 supplicatio
784 2220 1070 2274 triumphusque
1086 2222 1249 2261 decreti:
1271 2220 1378 2259 idern

102 2288 228 2330 honor
251 2291 287 2329 &
304 2287 429 2329 Crasso
459 2286 633 2337 habitus,
658 2287 727 2326 nisi
745 2287 872 2339 quod,
899 2287 1120 2343 Imperatoris
1139 2296 1284 2325 nomen
1308 2283 1379 2327 da<

147 2415 170 2461 5
195 2414 239 2449 ν.
261 2415 343 2449 Dio.

169 2479 220 2526 T.
248 2480 343 2525 Liv.
378 2478 475 2525 Vol.
506 2477 621 2525 XII,
1145 2473 1180 2519 L
