1617 2963
270 198 348 244 IN
390 196 554 244 LOC.
603 195 741 244 ΜΒ.
785 196 1006 243 cxxxu
1043 197 1185 242 mv,
1272 211 1357 257 105

80 305 223 355 ficisci‚
257 313 300 345 ut
334 305 527 357 praesentia
555 303 643 350 sua,
679 304 752 342 five
785 312 931 343 metum
964 317 1122 352 eorum,
1153 304 1226 343 {ive
1258 303 1365 342 defe·

82 371 247 409 ctionem
274 368 508 419 praeveniret.

141 429 332 468 XXXIII.
362 427 467 467 Male
487 426 646 465 omnino
676 425 752 464 hoc
777 427 811 464 ei
845 426 1040 466 consilium
1067 428 1190 467 vertit,
1215 439 1304 466 nam
1327 428 1366 466 &

82 489 137 528 illi
155 502 244 528 cum
260 502 345 540 rege
360 488 524 528 Thracio
543 486 795 538 Rhymetalce
810 489 843 525 ἃ
859 487 1060 535 DeJ'otarus
1075 489 1123 526 ad
1143 488 1366 527 Caesarianas

80 560 206 601 partes
231 550 268 589 se
289 551 584 596 transtulerunt;
613 551 645 588 &c
671 562 735 599 per
760 547 971 587 absentiam
999 552 1079 598 ejus
1105 550 1240 588 navale
1263 563 1368 600 proe-

81 611 178 651 lium
220 612 331 654 ausus
368 613 515 658 Solius,
550 612 679 660 iniquo
714 609 839 649 Marte
876 611 1084 650 dimicavit.
1123 612 1280 662 Quippe
1318 611 1364 650 L.

80 674 297 723 Tarefium‚
323 687 411 713 cum
433 673 563 724 paucis
590 672 746 711 navibus
772 673 809 710 in
830 672 988 710 statione
1004 673 1198 721 relietum,
1215 672 1368 723 oppres-

78 736 208 784 surus,
248 736 338 775 licet
374 738 473 775 inter
513 734 670 774 densam
716 734 897 773 nebulam
932 733 1120 784 aggreffus
1156 735 1195 772 in
1233 736 1366 785 fugam

80 799 234 849 egiffet,
262 799 404 849 assequi
432 811 509 836 non
535 797 686 847 potuit:
713 799 747 835 Sc
774 797 949 847 Agrippae
975 797 1073 834 forte
1098 796 1271 835 redeunti
1294 797 1366 835 ob·

80 859 201 908 latus,
232 873 319 898 cum
350 859 480 899 multis
517 859 599 899 aliis
628 862 662 899 ὁὶ
694 859 1044 899 Tarcondimotum
1079 872 1206 909 regem
1240 859 1366 909 perdi·

79 924 147 963 dit.
179 923 263 962 Hac
289 936 413 973 pugna
431 953 441 970 ,
473 922 581 960 simul
610 922 712 972 quod
744 921 823 971 ipse
849 920 1014 960 reversus
1036 920 1192 970 equestri
1227 920 1363 970 proelio

78 983 236 1022 inferior
277 983 523 1030 discesserat,
554 983 674 1021 vitare
712 982 1041 1032 propinquitatem
1079 981 1240 1019 hostium
1278 994 1366 1019 coa-

80 1045 208 1093 crum,
246 1044 328 1094 post
370 1045 480 1083 unius
520 1043 629 1082 bidui
672 1055 815 1081 moram
864 1044 1009 1091 majora
1047 1041 1165 1080 castra
1205 1054 1366 1092 accepe-

80 1114 179 1144 runt.
223 1104 280 1144 Ibi
318 1117 404 1144 curn
445 1105 558 1143 etiam
595 1105 765 1154 inopiam
804 1105 1014 1150 timerent,
1043 1103 1090 1141 de
1126 1105 1274 1141 ratione
1303 1117 1367 1152 ge-

77 1164 189 1203 rendi
215 1178 329 1215 porro
356 1164 446 1207 belli
474 1164 731 1204 consultatum
755 1165 818 1203 est.
846 1177 934 1203 eum
962 1165 1147 1202 variatum
1170 1163 1366 1202 sententiis

79 1226 196 1274 effet3
224 1227 336 1273 vicit,
366 1238 408 1264 ut
435 1226 603 1277 semper,
630 1227 734 1276 apud
768 1227 975 1265 Antonium
1014 1226 1239 1277 Cleopatra,
1264 1243 1362 1280 pra:-

62 1290 174 1340 fidiis
204 1290 338 1339 firmari
371 1289 503 1336 jubens
529 1289 806 1341 opportutziſjima
837 1291 1008 1336 locorum,
1033 1289 1068 1327 ὅ·
1095 1291 1133 1328 itz
1156 1293 1360 1344 AEgyptnm

74 1366 183 1390 naves
215 1352 405 1404 militesque
441 1353 579 1399 reduci,
622 1353 680 1390 ubi
712 1353 829 1390 omnia
852 1367 915 1405 pro
945 1354 1026 1403 ipfis
1057 1352 1159 1403 effivn
1191 1355 1356 1393 habituri.

77 1413 255 1453 Ceterum
292 1415 341 1453 ad
374 1415 450 1453 hoc
484 1413 683 1454 confilium
713 1428 792 1453 non
825 1414 999 1453 muliebri
1039 1423 1186 1454 tantum
1218 1416 1356 1453 timore

77 1474 230 1525 delapsa
264 1486 366 1523 erat;
407 1476 471 1514 sed
497 1477 615 1515 etiam
639 1476 778 1525 injefta
810 1475 1064 1526 frequentium
1099 1478 1362 1527 prodigiorum

74 1549 186 1584 cura,
209 1538 312 1586 quod
332 1538 370 1575 in
388 1537 562 1587 praetoria
585 1536 647 1577 sua
670 1538 784 1585 navi,
811 1550 923 1587 quam
942 1537 1105 1579 vocabat
1132 1539 1361 1587 Antoniada‚

78 1611 167 1637 cum
206 1599 433 1638 hirundines
466 1599 600 1637 nidum
639 1599 706 1638 sub
748 1612 859 1649 prora
893 1599 1086 1647 fecissent,
1116 1600 1198 1639 aliae
1236 1600 1361 1650 super-

78 1661 272 1699 venientes
311 1663 345 1700 &
377 1660 443 1700 has
480 1660 729 1711 expulerant,
767 1663 802 1700 Sc
840 1660 965 1710 pullos
997 1674 1124 1700 earum
1161 1661 1363 1713 discerpse-

77 1729 185 1769 rant3
218 1723 254 1760 ἃ
287 1722 424 1760 statuas
450 1721 682 1772 Cleopatrae,
702 1721 868 1761 Dearum
897 1722 1105 1773 insignibus
1131 1723 1357 1773 adornatas,

77 1785 226 1823 fulmen
255 1785 458 1833 dejecerat.

128 1855 319 1895 XXXIV.
353 1856 457 1895 Hinc
489 1854 580 1901 illa,
621 1854 797 1894 diffidens
841 1854 1112 1905 praesentibus,
1152 1856 1359 1895 Antonium

75 1927 228 1965 quoque
257 1915 312 1954 sui
341 1917 492 1955 terroris
523 1914 707 1965 implevit.
736 1915 817 1954 Nec
853 1924 983 1953 tamen
1012 1914 1179 1954 confesso
1208 1916 1363 1965 timore,

71 1988 124 2015 ne
154 1975 308 2014 suorum
335 1976 484 2015 animos
513 1976 778 2026 desperatione
804 1975 1090 2023 abalienarent,
1121 1986 1186 2015 aut
1211 1977 1360 2027 fugien-

74 2039 171 2076 tium
208 2037 334 2088 specie
368 2038 462 2077 abiri
500 2038 664 2088 placuit3
699 2038 761 2077 sed
798 2039 972 2078 instrueta
1009 2040 1057 2078 ad
1090 2039 1356 2080 dimicandum

75 2098 208 2145 classe,
231 2099 256 2137 fi
284 2101 368 2150 quis
396 2100 631 2150 prope-litum
659 2102 729 2139 iter
760 2100 1042 2150 interpellaffet.
1074 2102 1122 2141 At
1146 2102 1354 2150 Canidius,

75 2160 209 2211 remiff'a
244 2161 281 2199 in
317 2163 518 2214 AEgyptum
548 2164 756 2215 Cleopatra,
776 2164 918 2215 pedestri
960 2165 1080 2201 Marte
1116 2165 1358 2202 decernendum

79 2221 286 2261 censuerat.
320 2225 444 2276 Neque
463 2226 551 2262 enim
578 2237 674 2277 turpe
698 2225 896 2277 adfhmam
908 2225 1012 2276 fore,
1023 2227 1062 2276 fi
1080 2228 1205 2280 Caesari
1219 2256 1229 2272 ,
1255 2228 1358 2264 Sicu-

80 2284 128 2324 lis
155 2284 255 2322 hellis
285 2286 428 2323 nautica
458 2287 646 2324 certamina
669 2288 806 2334 edoHo,
834 2288 921 2325 mari
949 2289 1096 2327 cederet:
1127 2289 1167 2325 id
1187 2288 1309 2333 immo,
1322 2289 1362 2338 fi

120 2415 142 2461 §
167 2415 307 2449 XXXII.
331 2415 419 2449 Plut.
441 2416 475 2448 in
496 2417 625 2451 Anton.
648 2428 678 2450 c.
701 2417 738 2449 81
755 2443 763 2458 ,
787 2417 822 2450 &
847 2418 981 2451 Romul.
1005 2431 1036 2453 c.
1059 2430 1100 2461 29
1115 2446 1123 2459 ,
1147 2419 1179 2452 δ(
1198 2421 1349 2464 Apopht.

79 2457 177 2493 Rom.
201 2471 231 2493 c.
253 2473 308 2503 45.
332 2460 454 2504 Vellej.
471 2460 552 2494 Dio.
575 2463 596 2506 §
614 2461 770 2496 XXXIII.
793 2463 870 2497 Liv.
887 2464 977 2507 Epit.
997 2465 1075 2497 Dio.
1100 2465 1187 2498 Plut.
1212 2466 1245 2497 in
1275 2466 1347 2500 An-

76 2512 150 2537 ton.
