1617 2963
249 191 346 232 '120
408 156 1461 232 JO.FRE1NSHEM115UPPLEM;

254 285 383 326 bulata
409 285 610 325 nitebatur.
645 283 721 324 Sed
742 283 921 335 peribant
945 285 1043 323 inter
1064 283 1146 324 haec
1168 284 1299 334 multi,
1318 286 1410 325 dum
1435 288 1528 325 cufi.

251 350 299 386 tis
331 345 501 396 protrusa
531 345 710 396 navigia,
744 352 810 383 aut
845 344 1038 384 securibus
1071 344 1188 395 caesa,
1225 354 1403 397 praeterea
1436 359 1528 388 con-

253 410 363 461 Jectis
391 409 428 446 in
452 407 520 445 has
551 420 600 447 ex
632 415 719 446 ante
743 417 874 460 parato
911 408 1147 459 ponderibus
1176 418 1414 459 praegravatae
1442 410 1529 448 fati-

253 471 386 510 scunt:
407 470 490 520 alii,
509 471 602 509 dum
625 469 795 520 praealtas
813 484 927 510 naves
946 471 1154 519 scandunt,
1170 472 1330 521 dejec}i‚
1346 484 1430 521 pars
1447 470 1528 510 col·
1588 477 1589 480 ’
1607 488 1610 501 ·

251 531 331 570 lato
356 533 453 581 pede
477 533 728 571 trucidantur.
754 532 873 582 Igitur
895 532 1039 580 Caesar,
1058 539 1100 571 ut
1121 532 1269 571 minore
1288 530 1439 571 suorum
1465 531 1530 582 p'e-

253 595 378 634 riculo
406 609 486 635 rem
523 596 750 642 conficeret,
780 596 909 646 ignem
938 595 1058 634 afferri
1085 594 1186 644 juffit
1218 608 1239 634 e
1273 595 1420 643 castris,
1451 599 1527 644 quo

253 656 399 696 auxilio
433 665 545 696 antea
574 657 782 705 abstinere,
804 670 853 696 ne
882 660 1008 707 praeda
1034 666 1360 707 corrumperetur,
1387 657 1533 707 cogita-

252 727 370 757 verat.
410 719 511 759 Tum
535 731 624 756 vero
655 717 784 768 paffim
813 731 835 756 a
855 718 1073 757 Caesarianis
1102 721 1210 769 ignes
1234 719 1342 757 variis
1365 718 1529 767 ingeniis
1592 729 1594 769 ἑ

253 780 374 829 jacti:
411 793 498 819 nam
539 790 673 831 praeter
707 778 831 828 jacula
868 781 989 830 ignita
1024 779 1201 830 facesque
1236 793 1351 819 manu
1385 782 1531 831 Jaetas,
1592 774 1594 799 ⁵

253 841 405 881 vascula
436 856 587 893 quoque
616 843 704 894 pice
734 842 870 882 referta
904 855 949 882 ac
979 843 1145 883 carbone
1175 844 1374 883 tormentis
1402 843 1532 888 vibra--⁴

253 901 406 943 bantur.

309 973 373 1012 VI.
403 973 450 1013 Et
483 985 713 1022 quamquam
740 971 842 1011 dulci
869 973 972 1022 prius
1006 985 1104 1023 aqua
1137 973 1360 1021 consumta,
1389 972 1529 1012 deinde
1592 979 1593 1026 ]

253 1033 439 1072 marinam
479 1033 728 1071 infunderent
762 1033 1000 1079 exstincturi,
1040 1032 1123 1083 plus
1158 1034 1367 1084 augebatur
1396 1035 1528 1072 incen-
1592 1034 1593 1042 ¹

253 1097 359 1134 dium
374 1126 385 1142 ‚
409 1096 506 1132 vires
529 1108 577 1134 ex
601 1094 691 1133 salsa
710 1108 806 1145 aqua
832 1094 1068 1144 capientibus
1087 1095 1262 1135 flammis.
1287 1096 1389 1136 Tum
1405 1108 1499 1135 vero
1515 1125 1528 1144 ,

253 1169 344 1195 curn
385 1160 514 1195 omnia
547 1157 705 1205 experiri
749 1157 946 1196 necessitas
975 1166 1154 1208 cogeret,
1196 1159 1423 1199 centonibus
1467 1167 1529 1196 at-

253 1232 328 1269 que
354 1219 451 1258 adeo
479 1219 702 1268 corporibus
735 1219 946 1258 occisorum
970 1221 1117 1269 injectis
1149 1221 1322 1261 suffocari
1357 1220 1455 1260 visus
1477 1220 1529 1260 est
1592 1223 1593 1267 ζ

252 1282 373 1332 ignis3
397 1280 461 1319 sed
484 1293 576 1318 mox
600 1281 726 1327 vietis,
747 1294 829 1329 quae
854 1281 1099 1329 obstiterant,
1116 1291 1230 1322 vento
1255 1296 1408 1334 quoque
1423 1281 1530 1322 exsu-

250 1341 438 1389 scitante,
455 1341 710 1391 importunior
733 1341 861 1381 eluxit.
883 1343 999 1393 Igitur
1021 1344 1276 1393 multiplicato
1303 1356 1408 1384 metu
1431 1357 1531 1383 mor-

249 1404 300 1442 tis
325 1402 550 1450 exstemafi,
587 1403 711 1441 donec
746 1403 902 1454 quidem
931 1418 1016 1455 pars
1049 1406 1173 1456 aliqua
1207 1409 1313 1447 navis
1345 1407 1528 1455 ardebat,
1591 1400 1593 1443 ζ

252 1463 518 1514 repugnabant
543 1465 744 1514 incendio,
770 1467 871 1515 quasi
903 1480 1108 1518 corporum
1133 1469 1286 1519 objectu
1310 1470 1426 1507 arceri
1447 1466 1532 1518 pos-

250 1525 333 1573 set,
364 1525 549 1565 caedendo
577 1526 749 1576 tabulas,
775 1529 1039 1568 transferendo
1072 1543 1212 1579 onera,
1246 1540 1311 1570 aut
1336 1532 1376 1569 in
1401 1542 1531 1578 mare,

239 1587 445 1626 interdum
475 1588 516 1626 in
540 1588 638 1638 ipsos
664 1589 779 1628 etiam
802 1590 927 1629 hostes
949 1591 1194 1631 immittendo
1212 1622 1223 1640 ,
1247 1603 1290 1631 ut
1311 1591 1372 1631 vel
1392 1591 1440 1630 sic
1462 1590 1526 1631 lae-

253 1650 444 1689 derentur.
482 1650 617 1699 Erant,
647 1654 712 1701 qui
751 1651 899 1702 semper
925 1651 964 1691 se
998 1654 1227 1703 recipientes
1267 1654 1306 1692 in
1343 1666 1387 1692 ea
1415 1651 1528 1699 loca,

252 1723 328 1760 quo
353 1711 528 1750 nondum
553 1712 652 1762 ignis
684 1721 969 1762 penetraverat,
1002 1714 1181 1754 manibus
1207 1715 1359 1761 ferreis,
1390 1722 1527 1752 conto-

249 1785 409 1822 rumque
439 1773 544 1812 uncis
567 1773 721 1813 hostiles
756 1775 917 1814 retinere
948 1789 1062 1815 naves
1097 1777 1243 1816 summa
1272 1777 1525 1816 contentione

248 1833 490 1880 laborarent3
523 1842 564 1871 ut
587 1834 626 1871 in
657 1833 724 1874 has
747 1834 951 1874 insilientes
975 1845 1040 1875 aut
1063 1836 1223 1876 salutem
1251 1836 1526 1886 consequeren-
1590 1827 1592 1834 ’

249 1902 311 1933 tur
337 1908 385 1934 ex
415 1896 596 1943 victoria,
624 1906 712 1945 aut,
743 1896 767 1936 s1
800 1909 875 1939 una
901 1897 1059 1949 perdere
1083 1899 1260 1938 inimicos
1290 1896 1522 1949 potuissent,

245 1955 423 1996 solatium
446 1957 589 1996 mortis⁴

299 2026 382 2065 vll.
410 2027 461 2067 Ut
492 2035 618 2066 autem
646 2028 745 2066 leves
769 2027 920 2067 Caesaris
944 2041 1059 2069 naves
1082 2028 1292 2079 periculum
1327 2027 1439 2067 facile
1468 2028 1526 2068 ef—

244 2087 448 2138 fugerunt,
476 2091 511 2128 &
542 2090 762 2129 ardentium
788 2090 959 2130 tabulata
984 2104 1028 2130 ac
1053 2091 1170 2131 latera
1194 2093 1242 2131 ad
1266 2092 1384 2142 ipsam
1408 2092 1522 2142 usque

243 2150 412 2188 carinam
448 2150 600 2200 depasta
625 2153 803 2201 flamma,
843 2152 997 2200 locum,
1022 2167 1100 2204 quo
1137 2155 1396 2194 concederent
1426 2153 1524 2193 ultra

241 2223 321 2249 non
341 2210 540 2259 habentes,
557 2212 731 2262 afflabat3
747 2214 961 2254 miserrimis
984 2215 1204 2254 hominibus
1219 2215 1438 2265 graviffimae
1461 2229 1523 2255 ca-

240 2271 432 2311 lamitates
460 2273 727 2314 incubuerunt.
757 2273 927 2323 Multos,
953 2266 987 2314 6!
1017 2277 1388 2326 praecipue‘nautas7
1418 2278 1524 2322 intaq

241 2335 322 2373 &tos
351 2333 478 2374 adhuc
503 2334 582 2383 igni
608 2335 738 2374 fumus
763 2344 919 2375 enecat:
961 2335 1023 2375 alii
1056 2336 1227 2378 medium
1252 2338 1351 2376 inter
1376 2338 1513 2377 incena-

242 2396 348 2434 dium
378 2404 559 2446 tanquam
586 2396 626 2435 in
661 2398 813 2436 camino
847 2398 1032 2437 assantur:
1067 2399 1216 2437 videres
1251 2400 1391 2444 etiam,
1419 2412 1514 2448 quos

236 2455 318 2509 ipsa
334 2487 344 2504 ‚
365 2470 447 2507 quae
463 2457 610 2501 tuendo
634 2460 785 2512 corpori
806 2458 1036 2510 sumserant‚
1053 2472 1181 2514 arma⁸
1200 2461 1396 2513 conceptis
1419 2459 1514 2516 igni³
