1617 2963
159 123 635 199 IN'LOC.L113.
688 149 937 196 cxxxiv
989 151 1135 199 mv.
1235 170 1328 218 207

48 260 240 299 honorum
274 259 428 298 functos
460 254 685 295 adhibebat.
730 255 799 295 Hae
839 257 959 295 ferme
993 256 1209 298 senatorum
1240 261 1330 301 fun-

49 323 195 361 ctiones
216 329 333 359 erant.
362 323 411 359 At
431 331 480 359 ex
505 317 697 366 equitibus
715 347 727 363 ,
745 318 807 367 qui
829 331 963 357 eorum
982 319 1123 359 tribuni
1145 320 1334 372 militum,

46 394 112 423 aut
138 396 256 434 nuper
279 383 318 420 in
346 380 477 419 senatu
504 379 681 425 fuerant,
709 389 773 417 aut
803 379 943 430 alioqui
971 381 1242 430 praestantiores
1269 397 1332 427 ce,-

44 448 135 486 teris
159 447 418 492 habebantur,
444 442 651 482 nonnullos
681 443 915 481 moeniorum
954 444 1086 483 Romae
1111 455 1330 496 curatores,

44 509 139 548 alios
166 509 282 546 etiam
313 507 352 545 in
381 506 550 544 externis
577 503 735 542 urbibus
767 504 972 552 constituit.
1014 507 1067 546 Ex
1102 509 1241 548 eodem
1271 523 1331 549 or..

47 570 139 609 dine
163 578 451 619 procuratoreS,
473 565 668 604 interdum
701 568 736 604 δε
768 577 815 603 ex
842 564 988 604 libertis
1013 568 1107 616 suis,
1132 569 1171 607 in
1196 583 1332 611 omnes

46 634 262 683 provincias
301 629 465 676 dimisit,
501 628 691 666 reditibus
722 626 950 677 colligendis
979 630 1164 680 certisque
1193 633 1334 674 facien.

48 696 107 735 dis
130 693 329 745 impensis3
355 692 421 730 nisi
440 690 545 740 quod
569 703 590 728 a
612 688 901 740 proconsulibus
924 692 1203 740 provinciarum
1218 726 1228 743 ‚
1252 698 1334 746 qui-

47 758 119 798 bus
147 765 356 808 praeerant,
377 753 519 792 tributa
539 752 786 803 cogebantur.
829 752 901 792 His
933 753 1047 792 etiam
1081 760 1341 805 procuratori-

49 820 145 866 bus,
175 830 254 858 non
285 816 392 856 secus
430 824 546 864 atque
578 813 898 865 proconsulibus,
936 817 1122 857 mandata
1157 821 1336 873 princeps

47 882 187 921 dabat:
215 879 352 930 eosque
375 878 485 917 certis
505 889 594 915 cum
621 878 817 928 stipendiis
833 879 1057 929 emittebat,
1076 881 1196 931 idque
1218 885 1336 926 etiam

43 943 86 983 in
108 943 244 981 ceteris
268 941 556 992 provinciarum
583 939 791 979 rectoribus
813 939 949 979 servari
969 940 1131 991 placuit.
1161 947 1340 995 Antiqui.

45 1014 108 1044 tus
136 1004 238 1042 enim
272 1003 506 1042 redemtores
551 1010 685 1048 erant,
721 1001 786 1050 qui
821 1001 1116 1051 proconsulibus
1145 1004 1272 1044 mulos
1299 1008 1338 1046 &

46 1064 291 1106 tabernacula
309 1095 318 1112 ,
353 1063 537 1113 vasaque,
572 1065 608 1102 ἃ.
632 1075 749 1101 omne
773 1061 876 1102 aliud
898 1064 1188 1105 instrumentum
1208 1068 1336 1119 publi‘

48 1141 93 1168 ce
118 1128 245 1167 locata
271 1125 496 1176 praeberent.

103 1191 164 1231 CI.
199 1191 300 1230 Tum
325 1200 413 1227 vero
439 1199 572 1237 parare
600 1186 683 1225 haec
705 1198 726 1225 e
746 1186 942 1236 stipendiis
964 1186 1042 1227 suis
1070 1202 1206 1230 omnes
1224 1192 1335 1243 juffi,

44 1252 115 1305 has
143 1251 296 1302 insuper
319 1262 545 1290 communes
566 1249 745 1289 omnibus
769 1248 872 1300 leges
902 1261 1155 1301 acceperunt,
1188 1270 1230 1292 ne
1255 1257 1335 1307 quis

45 1317 204 1356 deleam
224 1315 371 1355 militum
388 1327 502 1367 ageret
515 1331 527 1354 ,-
550 1328 591 1352 ne
601 1315 771 1367 pecunias
794 1326 945 1365 cogeret,
968 1316 1034 1365 rufi
1047 1330 1092 1352 ex
1107 1318 1304 1370 praescripto
1318 1332 1333 1358 ε

44 1394 87 1418 ne
113 1379 212 1430 quis,
234 1389 371 1429 accepto
386 1375 571 1429 succeſjbre
585 1405 596 1423 ‚
613 1378 829 1413 enarraretur
844 1376 1019 1423 decedere,
1039 1389 1124 1414 neve
1140 1391 1271 1431 tempus
1290 1381 1331 1419 itz

45 1441 165 1479 itinere
186 1452 328 1487 tereret,
379 1439 422 1476 ed
444 1438 540 1475 intra
569 1437 725 1487 trimestre
753 1437 872 1488 utique
898 1438 935 1475 in
963 1439 1078 1477 urbem
1103 1453 1333 1485 reverteretur,

47 1502 160 1542 Hanc
197 1502 312 1553 igitur
339 1501 479 1540 faciem
503 1508 586 1539 tum
616 1499 774 1548 quidem
796 1500 980 1549 temporis
1000 1501 1065 1540 ista
1092 1513 1334 1552 receperunt,

43 1576 174 1602 revera
200 1576 361 1612 regnum
391 1571 495 1609 erat,
523 1563 559 1600 ὃς
591 1560 735 1608 Caesar,
762 1559 948 1599 militibus
977 1562 1176 1601 instruetus
1203 1567 1238 1603 &
1268 1579 1333 1616 pe.

47 1626 186 1673 cunia,
214 1626 328 1664 etiam
348 1637 391 1663 ea
407 1655 418 1672 ‚
450 1637 534 1674 quae
565 1622 774 1662 reddidisse
800 1622 944 1662 senatui
973 1624 1196 1675 populoque
1219 1627 1332 1667 vide-

47 1688 184 1735 batur,
218 1686 377 1736 imperio
401 1684 612 1724 obtinebat.
642 1684 829 1725 AErarium
859 1684 1017 1734 quidem
1046 1687 1247 1736 publicum
1280 1691 1331 1730 ab

47 1750 114 1791 suo
143 1751 361 1790 distinctum
385 1748 577 1789 habebat:
609 1748 674 1787 sed
696 1761 763 1798 par
790 1758 869 1787 erat
894 1750 928 1787 ei
954 1750 993 1787 in
1020 1753 1204 1790 utrumvis
1225 1762 1333 1802 pote-

46 1813 139 1860 stas,
163 1826 246 1864 quae
269 1826 341 1852 nec
360 1825 485 1851 rerum
508 1811 717 1859 limitibus,
738 1823 810 1849 nec
837 1820 1056 1861 temporum
1073 1812 1203 1862 spatiis
1224 1827 1331 1853 coer.

46 1885 205 1914 ceretur.
229 1875 329 1914 Nam
344 1875 489 1913 tametli
512 1875 684 1920 dixerat,
707 1873 776 1911 ista
799 1872 835 1911 se
858 1882 1006 1912 tantum
1032 1876 1070 1912 in
1097 1876 1332 1919 decennium

44 1935 241 1985 recipere,
276 1947 369 1975 mox
398 1937 437 1974 in
461 1933 566 1973 aliud
593 1934 922 1984 quinquennium,
951 1933 1093 1972 deinde
1123 1936 1261 1974 iterum
1286 1937 1328 1976 in

49 1997 285 2035 decennium
304 1996 338 2035 ei
365 2005 615 2046 prorogatum
644 1995 846 2045 imperium
867 1995 943 2043 est,
980 1997 1032 2034 ita
1059 2008 1101 2034 ut
1129 2000 1332 2038 continua-

46 2057 96 2096 tis
118 2057 311 2097 decenniis
335 2057 384 2096 ad
409 2056 526 2096 finem
550 2055 668 2107 usque
689 2056 773 2094 vitae
792 2056 834 2094 in
862 2055 1012 2096 summa
1038 2059 1223 2108 potestate
1244 2071 1332 2110 per.

45 2118 195 2159 sisteret.

102 2180 183 2220 ClI.
211 2182 373 2221 Senatus
401 2189 532 2220 tamen
547 2211 558 2228 ,
583 2180 685 2232 quali
706 2180 875 2229 adjicere
894 2179 1040 2231 aliquid
1060 2181 1223 2221 fortunae
1245 2185 1330 2232 eJ‘us

45 2242 195 2294 poffet,
225 2244 304 2291 jam
330 2243 412 2293 post
444 2244 659 2282 orationem
689 2244 736 2283 ab
763 2257 810 2282 eo
843 2244 1044 2293 habitam,
1072 2244 1330 2295 promissaque

48 2305 96 2342 de
124 2304 334 2354 provinciis
362 2304 584 2344 dividundis
610 2305 730 2354 facta,
760 2305 902 2344 multos
928 2307 965 2346 ei
997 2306 1167 2345 honores
1198 2308 1331 2351 decre«,

92 2419 120 2464 5
145 2423 188 2455 C.
209 2422 289 2456 Dio.
312 2424 454 2462 Sueten.
479 2424 513 2457 in
534 2424 623 2470 Aug.
646 2435 677 2459 c.
700 2425 754 2469 36.
787 2423 863 2461 c'rc.
894 2424 945 2458 in.
966 2422 1077 2461 Pison.
1107 2422 1130 2468 5
1161 2423 1220 2463 cl,
1240 2423 1327 2464 Diu

49 2465 158 2506 Tacit.
181 2467 270 2513 migr.
293 2469 353 2512 16,
369 2480 405 2513 4,
