1617 2963
240 177 317 224 IN
358 179 537 226 Loc.
580 180 722 226 LIB.
759 181 984 228 CXXXII
1037 183 1177 230 L1V.
1273 200 1360 249 ¹03

77 285 195 336 copiis
229 285 389 337 impigre
427 286 644 335 profectus,
682 288 817 326 veteris
848 289 956 328 ducis
985 289 1147 330 sollertia
1178 290 1367 342 subvenit,

75 348 199 387 rostris
234 356 418 399 tanquam
453 349 503 387 ad
541 348 768 399 procursum
794 350 980 399 obverfis,
1009 354 1068 400 ἃ,
1097 366 1171 402 quo
1197 352 1365 404 speciem

74 409 335 450 instructarum
362 411 590 458 ostentaret,
620 411 733 450 remis
761 412 809 451 ab
836 412 1016 453 lateribus
1043 417 1198 454 navium
1228 416 1365 455 demis-

74 472 141 519 sis,
172 474 207 511 Sc
229 473 437 523 remigibus
461 474 614 515 armatis
646 487 714 524 per
746 474 918 515 tabulata
954 477 1152 527 dispositis*
1179 479 1235 519 Ita
1259 479 1366 520 delu-

73 531 134 571 sus
165 534 309 581 Caesar,
342 536 492 584 abjecto
519 536 715 586 pugnandi
737 536 925 584 consilio,
952 549 1135 579 evocatos
1168 541 1217 580 ad
1243 541 1365 581 collo⁴²

75 593 210 643 quium
234 596 472 638 Antonianos
496 609 739 647 corrumpere
768 606 928 638 conatus
946 628 957 644 ,
981 612 1071 640 cum
1105 602 1201 640 nihil
1234 603 1363 642 succe-

75 655 204 701 deret,
239 669 364 706 neque
401 664 555 707 propter
594 670 777 707 aquarum
818 659 1038 709 penuriam,
1082 673 1173 710 quas
1215 665 1364 713 magnis

74 717 252 765 operibus
277 717 480 757 inacceffas
516 718 633 758 hostis
667 719 867 769 effecerat,
891 722 1118 760 commorari
1149 722 1294 762 circum
1317 737 1365 764 ea

72 777 186 817 litora
204 778 325 829 poss'et
341 809 356 827 2
369 779 418 819 ad
433 779 585 829 locum,
602 780 667 819 ubi
690 793 781 827 mox
805 780 1006 831 Nicopolis
1029 782 1263 822 exaedificata
1283 785 1361 834 est,

72 839 227 880 seeeffit.
265 842 399 881 Castris
427 841 491 883 hic
525 844 797 892 communitis,
827 857 1014 896 muroque
1047 845 1161 885 alium
1199 848 1249 886 ad
1272 862 1362 898 por-

71 910 154 943 tum
176 905 368 958 (Comaro
400 919 542 947 nomen
570 908 651 962 est)
679 910 889 959 perductQ
918 897 1030 949 terra'
1049 910 1157 949 fimul
1184 912 1358 961 marique

74 967 197 1014 gravis
224 966 329 1005 Aetio
355 968 500 1007 vicinus
526 969 762 1010 imminebat.
798 971 980 1021 Adeoque
1001 970 1099 1009 nihil
1125 971 1171 1010 ab
1194 984 1239 1010 eo
1263 985 1360 1022 prae-

74 1028 284 1068 termiffiim
313 1030 389 1077 est,
422 1040 464 1070 ut
497 1041 598 1071 trans
627 1034 792 1071 eundem
818 1044 973 1071 murum
1004 1045 1026 1070 a
1049 1032 1142 1075 mari
1169 1034 1210 1071 in
1237 1033 1362 1074 finum

75 1091 319 1133 Ambracium
345 1105 459 1132 naves
495 1093 738 1133 transvexisse
773 1094 819 1133 sit
846 1094 1033 1141 credituS,
1061 1093 1173 1133 coriis
1202 1093 1360 1132 bubulis

76 1155 295 1194 recentibus
321 1155 408 1195 oleo
431 1156 622 1205 inunffis,
648 1169 716 1207 per
740 1169 902 1207 quorum
927 1155 1186 1196 lubricitatem
1208 1155 1364 1196 facilius

79 1224 194 1257 tantae
217 1217 340 1256 moles
379 1218 709 1269 provolverentur.

131 1294 270 1336 XXX.
311 1295 490 1336 Ceterum
514 1296 544 1336 is
568 1305 647 1336 erat
673 1295 847 1335 locorum
881 1295 987 1344 situs,
1016 1303 1059 1334 ut
1091 1308 1160 1346 pro
1189 1307 1235 1334 eo
1255 1326 1266 1343 ,
1295 1294 1366 1345 quir

62 1357 177 1407 v'prior
215 1357 456 1409 occupasset,
492 1371 725 1409 magnopere
763 1358 928 1397 facturus
960 1358 1163 1397 videretur.
1209 1357 1362 1398 Aetium

76 1419 203 1467 enim,
229 1421 328 1462 circa
354 1421 461 1472 quod
494 1434 538 1460 ea
563 1421 662 1472 gesta
692 1433 747 1460 res
775 1420 848 1469 est,
879 1417 1067 1470 Apollinis
1092 1418 1182 1457 fano
1211 1417 1363 1458 celebre

74 1472 386 1533 promontorium
410 1485 654 1533 Acarnaniae,
687 1497 729 1523 os
758 1482 952 1523 Ambracii
987 1482 1081 1521 smus
1110 1481 1245 1528 efficit,
1270 1493 1359 1530 por-

75 1554 161 1591 tus,
198 1546 302 1594 apud
333 1545 554 1596 Nicopolim
593 1546 657 1596 qui
695 1544 806 1593 sunt,
833 1543 1053 1594 respiciens:
1101 1540 1281 1590 totusque
1324 1542 1360 1579 is

74 1605 200 1653 smus,
226 1608 263 1646 &
292 1607 483 1657 quidquid
513 1617 600 1647 ante
638 1621 727 1647 eum
762 1606 838 1646 loci
869 1606 940 1655 est,
975 1618 1064 1645 cum
1097 1603 1357 1654 accipiendis,

76 1678 158 1709 tum
184 1670 351 1710 tutandis
371 1671 531 1710 navibus
555 1672 736 1711 eximiam
756 1670 1075 1710 commoditatem
1101 1667 1260 1717 praestat.
1283 1664 1369 1705 Sed·

74 1739 199 1772 totum
244 1733 320 1772 hoc
356 1733 518 1784 fpatium
564 1734 742 1784 operibus
785 1733 901 1773 etiam
946 1729 1153 1771 Antoniani
1200 1740 1362 1779 permu-

77 1796 254 1835 niverant
280 1825 292 1844 ‚
333 1788 391 1834 ad¹
431 1803 590 1846 utraque
637 1795 733 1835 smus
776 1807 919 1835 cornua
970 1790 1209 1832 inaedificatis
1242 1788 1362 1828 turri-

77 1857 173 1906 bus,
199 1861 232 1898 &
254 1858 371 1907 marii,
399 1858 503 1908 quod
540 1859 744 1905 intererat,
781 1855 942 1895 navibus
983 1854 1200 1905 praecmc‘ro.
1237 1850 1365 1891 Castra

76 1920 183 1968 juxta
209 1920 342 1959 fanum
365 1918 569 1970 posuerant
601 1918 729 1968 spatio
744 1915 860 1967 plano
892 1917 927 1955 δι
955 1922 1088 1965 aperto
1105 1943 1117 1960 ‚
1150 1922 1363 1962 pugnaeque

77 1984 362 2023 committendae
377 2014 387 2032 ,
405 1996 516 2034 quam
547 1982 711 2030 stativis,
735 1982 893 2031 aptiore.
920 1981 973 2020 Ut
996 1978 1097 2018 enim
1131 1975 1308 2027 depressis
1328 1977 1366 2015 δε

76 2043 302 2094 palustribus
322 2045 424 2084 locis
446 2043 669 2091 consuevit,
695 2052 775 2084 tam
805 2043 932 2081 hieme
948 2071 959 2087 ‚
979 2053 1092 2091 quam
1120 2039 1249 2078 aestate
1266 2036 1368 2076 insa-

76 2104 196 2144 lubris
219 2105 272 2145 ibi
300 2119 362 2145 aer
387 2115 492 2154 erat,
524 2108 558 2145 ὃ(
583 2106 708 2146 morbi
736 2118 803 2156 per
827 2103 946 2144 castra
966 2102 1230 2153 vulgabantur.
1261 2099 1366 2140 Dum

78 2166 131 2205 ita
152 2179 199 2205 ex
223 2168 438 2218 propinquo
462 2167 577 2207 castra
604 2167 726 2206 castris
752 2166 924 2218 opposita
951 2164 1056 2213 sunt,
1079 2163 1174 2202 nihil
1200 2162 1279 2201 no'n
1299 2173 1366 2199 ex-

78 2237 208 2278 pertus
230 2228 350 2274 Caesar
362 2260 375 2276 ‚
389 2229 591 2269 educendo
608 2230 804 2269 instructos
821 2228 974 2268 ordines
989 2257 999 2275 ‚
1016 2234 1061 2266 ut
1074 2238 1208 2277 pugnae
1223 2225 1368 2263 faceret

78 2291 327 2341 potestatem,
351 2292 620 2343 adnavigant-lo
644 2292 778 2340 classe³
812 2293 848 2331 δε
878 2291 1068 2330 onerarias
1098 2287 1263 2334 hostium
1291 2283 1371 2324 aba,

121 2469 144 2513 ς
169 2469 292 2505 ΧΧΙΧ.
315 2471 395 2505 Dio,
419 2470 512 2506 plut.

1040 2528 1082 2573 C
1115 2544 1147 2585 4-
