1617 2963
230 214 322 266 '294
387 203 480 251 JO.
517 200 1014 250 FREINSHEMII
1055 201 1418 250 SUPPLElvn

281 310 435 351 XXIX.
470 309 629 348 Interim
655 321 703 349 ex
741 321 782 347 ea
818 308 879 347 die
905 308 1092 348 dedurstus
1130 309 1168 348 in
1197 310 1348 359 forum,
1378 318 1421 351 ut
1450 310 1509 350 in..

226 373 376 412 tereffet
401 372 565 412 consiliis
604 372 791 423 publicis,
832 371 997 423 locoque
1033 372 1220 413 senatorio
1256 375 1441 426 spectaret
1473 377 1509 417 δι
1559 426 1562 427 ⁷
1608 386 1617 426 ἵ

229 436 457 487 epularetur.
493 437 585 478 Haec
604 436 759 476 honoris
780 436 930 486 Augusti
955 437 1065 476 causa
1094 437 1422 478 senatusconsulto
1444 440 1511 478 de-

230 506 344 536 creta.
384 498 535 547 Equites
572 506 698 537 autem
726 499 889 539 Romani
911 499 1071 538 universi
1095 501 1290 554 Principem
1311 501 1512 554 juventutis

232 558 367 607 Caium
399 560 512 598 hastis
533 561 718 610 argenteis
737 561 922 600 donatum
949 560 1249 611 appellaverunt.
1285 563 1376 602 Haec
1403 565 1512 612 ajunt

227 622 438 672 Augustum
484 623 548 662 vix
573 623 780 670 admisisse,
807 636 896 663 cum
925 625 1059 662 intime
1091 626 1274 675 gauderet
1299 625 1432 672 factis3
1462 637 1511 663 ne

229 685 395 736 speclem
432 686 553 726 civilis
579 689 696 727 animi
728 690 932 727 amitteret
967 688 1113 727 Eodem
1140 702 1242 727 anno
1271 693 1388 741 (tum
1410 687 1514 727 enim

231 746 283 788 D.
310 748 509 788 LaeliusD.
535 749 576 800 F.
586 749 761 801 Balbus,
793 749 834 788 C.
857 749 1034 802 Antistius
1061 749 1105 789 C.
1131 749 1170 789 F.
1195 750 1312 788 Vetus
1339 748 1512 787 consules

230 800 365 864 erant)
397 796 552 852 Tiberio
579 780 831 850 tribunitiam
838 798 1068 862 potestatem
1091 797 1243 851 Caesar'
1234 825 1271 850 in
1300 798 1515 862 quinquen-

231 872 339 910 nium
366 872 498 912 dedit.
528 873 822 923 Armeniamque
850 873 1094 911 deficientem
1118 872 1151 910 ei
1177 872 1433 911 demandavit.
1465 873 1513 911 Ae

231 932 300 971 ille
335 934 433 973 inter
463 943 522 973 tot
553 935 756 984 prospera,
790 936 978 973 incertum
1012 935 1150 984 quibus
1184 935 1326 982 causis,
1356 943 1513 985 repente

230 993 360 1034 statuit
383 1008 403 1033 e
425 997 553 1035 medio
575 996 611 1034 se
631 1010 745 1046 qnam
771 995 983 1046 longiffime
1001 996 1217 1036 abducere:
1237 1009 1307 1036 nec
1322 998 1424 1036 enirn
1440 997 1518 1036 stu-⁸

231 1055 380 1094 diorum
417 1056 526 1096 causa
558 1056 686 1096 Rhodi
717 1056 898 1096 secessum
926 1057 1058 1108 petiffe
1091 1057 1346 1108 crediderim,
1384 1070 1514 1108 quam-

227 1130 343 1169 quam
374 1119 413 1157 id
439 1119 639 1169 praetulisse
665 1121 860 1159 traditum.

281 1180 418 1220 XXX.
451 1182 643 1220 Veriorem
669 1181 777 1221 fuisse
806 1181 998 1221 stimulum
1024 1195 1070 1221 ex
1096 1182 1386 1233 intemperantia
1412 1195 1511 1221 uxoo

229 1242 282 1281 τίς
319 1251 481 1292 putant,
512 1257 625 1293 quam
659 1257 784 1294 neque
819 1246 1019 1295 repudiare
1054 1246 1233 1293 auderet,
1262 1257 1385 1294 neque
1422 1258 1513 1294 per-

229 1301 328 1341 ferre
350 1304 447 1342 ultra
470 1304 602 1354 posset.
625 1304 734 1344 Certe
762 1305 912 1355 reliquit
933 1320 1016 1345 eain
1035 1306 1166 1346 Romae
1181 1336 1191 1354 ‚
1218 1306 1282 1344 sed
1303 1319 1390 1344 cum
1413 1305 1513 1355 filio,

231 1376 345 1413 quem
374 1366 440 1405 fibi
472 1367 650 1416 Vipsania
675 1377 883 1418 pepererat.
912 1369 1080 1418 Quidam
1112 1369 1352 1416 existimant,
1376 1368 1512 1418 &ipse

228 1425 280 1466 fic
304 1428 421 1465 videri
441 1458 451 1475 ,
477 1428 540 1467 sed
560 1429 687 1479 postea
703 1460 714 1478 ‚
742 1429 883 1478 voluit,
906 1431 1080 1481 Agrippae
1100 1430 1299 1481 exemplo,
1330 1431 1393 1481 qui
1411 1431 1514 1471 Mar-

230 1489 329 1529 cello
357 1490 535 1538 cesserat,
565 1491 668 1530 abire
691 1491 877 1540 voluisse,
909 1505 956 1531 ne
981 1493 1189 1543 praestantia
1223 1491 1286 1530 sua
1313 1494 1346 1532 Sc
1385 1504 1510 1530 rerum

227 1551 417 1601 gestarum
442 1551 561 1602 gloria
588 1552 735 1592 obstare
754 1552 1058 1593 adolescentibus
1080 1554 1232 1604 Augusti
1254 1553 1383 1592 liberis
1404 1554 1510 1592 vido-

227 1624 343 1653 retur.
371 1613 416 1652 Et
433 1615 763 1664 quemadmodum
783 1616 824 1653 in
842 1614 998 1653 diffidiis
1012 1614 1278 1665 principalium
1300 1614 1509 1662 domuum,

231 1686 368 1712 omnes
389 1674 429 1713 in
454 1684 575 1724 partes
597 1674 813 1726 aliquorum
830 1675 943 1715 velox
963 1675 1121 1726 suspicio
1140 1676 1213 1723 est3
1231 1689 1309 1714 non
1332 1675 1507 1724 deerant,

227 1737 294 1787 qui
322 1735 509 1776 offensum
539 1738 779 1786 judicarent,
809 1738 912 1787 quod
935 1738 1011 1787 ipse
1043 1737 1090 1776 ab
1118 1737 1278 1787 Augusto
1304 1749 1381 1775 non
1416 1735 1509 1777 esset

226 1798 444 1847 adoptatus.
480 1799 622 1838 Contra
648 1799 711 1838 alii
744 1800 792 1839 ab
816 1799 882 1839 illo
908 1801 1073 1848 ejefftum
1098 1799 1166 1838 fibi
1202 1799 1505 1849 persuadebant,

226 1868 270 1899 ut
299 1859 506 1898 liberorum
528 1864 609 1908 ejus
636 1856 905 1900 infidiatorem.
938 1861 1070 1899 Minus
1097 1860 1258 1898 absurda
1283 1860 1414 1909 opinio
1435 1860 1508 1907 est,

223 1923 349 1959 vitato
368 1920 590 1960 assiduitatis
613 1923 748 1969 taedio,
771 1923 1036 1960 auctoritatem
1061 1920 1228 1959 absentia
1248 1922 1344 1960 tueri
1371 1920 1507 1960 voluis..

224 1981 291 2028 se,
321 1992 434 2031 atque
467 1983 581 2020 etiam
620 1996 783 2033 augere,
819 1983 866 2030 fi,
906 1984 1011 2033 quod
1045 1983 1218 2022 futurum
1250 1983 1428 2030 rebatur,
1457 1982 1507 2023 ad

222 2043 421 2083 subeunda
447 2043 667 2093 reipublicae
691 2058 808 2085 onera
823 2056 841 2093 ‚'
863 2046 1002 2096 quibus
1026 2058 1140 2085 nemo
1163 2054 1341 2097 praetorea
1365 2059 1433 2097 par
1455 2045 1508 2085 es,-

221 2103 298 2150 set‚
328 2116 581 2144 revocaretur.

276 2164 433 2205 XXXI.
459 2165 541 2215 lpse
570 2164 666 2205 nibil
691 2166 851 2213 horum,
873 2165 937 2206 sed
955 2165 1145 2207 honorum
1167 2166 1418 2217 laborumque
1439 2178 1504 2216 pa÷

222 2236 303 2265 rem
331 2224 568 2273 satietatem,
597 2228 632 2264 8(
662 2227 799 2276 quietis
830 2226 1055 2268 defiderium
1091 2227 1281 2268 obtendit.
1323 2229 1505 2278 Quacum.

223 2300 298 2337 que
323 2287 457 2337 causa,
486 2296 566 2328 tam
593 2290 839 2337 pertinaciter
865 2298 966 2329 certe
989 2290 1224 2339 propositum
1246 2289 1357 2337 ursit,
1377 2298 1419 2328 ut
1439 2302 1507 2328 ne-

221 2363 296 2404 que
322 2352 453 2392 matris
485 2351 685 2401 precibus,
712 2364 785 2398 nec
815 2352 977 2403 querelis
994 2353 1150 2403 Augusti
1176 2360 1417 2400 moveretur,
1440 2351 1506 2391 cui

263 2469 285 2514 ξ
330 2470 454 2503 XXX-X
490 2470 614 2509 Vellei.
653 2482 694 2510 2
727 2480 784 2513 93.
818 2470 899 2507 Dio.
925 2468 1035 2505 Tacit
1059 2471 1202 2509 sueton.
1228 2470 1368 2512 {LnTb
1403 2482 1432 2506 c
1451 2480 1501 2519 9

217 2510 242 2560 5
266 2505 382 2549 XXX.
407 2515 549 2549 Sueton.
577 2514 657 2548 Dio.
684 2515 807 2559 Vellej.
