1617 2963
195 147 279 195 IN
327 147 932 196 LOC.LIB.CXX1X
985 148 1136 196 LIV.
1259 159 1317 212 37

29 263 114 296 tum
151 263 324 296 tenentes
360 257 528 306 Agrippa
565 255 864 307 persequeretur.
909 256 1012 295 Inter
1047 255 1129 294 haec
1159 254 1314 294 relietus

30 331 121 358 cum
144 321 315 360 exercitu
336 319 505 358 Tffienus
523 317 651 357 Gallus
668 318 706 355 in
723 317 948 367 potestatem
971 316 1123 357 Caesaris
1140 317 1177 355 se
1199 316 1316 355 trans-

32 381 154 420 didit:
186 379 484 430 exemplumque
520 377 596 416 hoc
635 378 804 428 praefeeffii
840 380 1012 431 equitum
1046 378 1184 417 imitati
1213 377 1311 417 sunt.

29 442 117 482 Hac
147 455 274 493 pugna
305 455 421 481 naves
457 441 609 481 Caesaris
637 449 711 479 tres
749 443 1022 480 tantummodo
1057 439 1187 480 mersae
1217 440 1315 479 refe-

29 515 165 543 runtur
180 536 190 553 ,
217 506 460 556 Pompejanae
486 503 787 554 duodetriginta:
812 512 1025 555 ceteraeque
1043 517 1178 543 omnes
1193 535 1203 552 ,
1223 517 1314 554 prae-

28 574 87 605 ter
104 566 402 616 septemdecim,
427 577 522 615 quas
551 565 719 604 diximus
736 595 748 611 ,
778 563 940 604 incensae
970 566 1174 615 frafftaeque
1200 564 1314 613 sunt,

27 636 96 667 aut
126 628 165 666 in
194 626 327 666 manus
360 625 527 664 hostium
555 633 821 676 pervenerunt.
857 625 1064 676 Pompejus
1092 627 1189 663 inter
1208 624 1314 664 hanc

29 687 314 734 calamitatem,
343 687 530 725 exercitus
567 698 720 736 quoque
749 685 969 724 defedtione
1006 686 1181 734 cognita,
1216 697 1314 734 pro-

27 750 129 788 tinus
156 748 305 796 abjecfto
339 747 588 797 imperatorio
614 746 719 785 cultu
737 777 747 795 ,
780 746 994 786 Messanam
1031 753 1154 784 certos
1184 744 1317 784 homi-

28 822 96 848 nes
128 810 327 860 praemisit,
353 811 417 860 qui
441 808 563 848 filiam
587 809 808 859 amicosque
831 810 866 848 St
892 809 1100 859 pecunias,
1136 809 1171 846 &
1202 807 1314 856 quid-

28 871 121 921 quid
149 871 358 922 pretiosum
384 881 488 919 erat,
509 872 614 924 (jam
640 872 742 909 enim
771 870 876 909 hunc
906 870 945 908 in
970 868 1098 908 casum
1123 867 1312 906 consarci-

25 945 116 974 nata
146 934 396 989 habebat)in
428 948 542 974 naves
573 935 736 974 servatas
763 936 1018 984 imponerent.

81 996 223 1036 XXVI.
258 996 360 1036 Misit
381 996 496 1035 etiam
524 996 733 1047 Lilybaeum
755 995 803 1034 ad
823 994 1054 1034 Plemmium
1075 993 1168 1032 inde
1193 991 1314 1031 arces?-

21 1056 210 1104 sendum,
239 1058 326 1095 offto
359 1056 528 1106 legiones
559 1058 640 1105 ejus
665 1056 765 1106 fugae
796 1056 957 1094 comites
990 1055 1200 1095 habiturus.
1230 1054 1313 1093 Ne-

23 1130 96 1167 que
118 1126 246 1155 tamen
271 1116 502 1167 exspectavit
527 1118 573 1156 ad
595 1117 631 1156 se
654 1125 945 1168 properantem,
972 1116 1135 1167 pavidus
1163 1115 1311 1159 ducum

22 1178 175 1220 suorum
193 1179 529 1229 praefidiorumque
543 1180 704 1227 nuntiis,
723 1179 944 1229 frequenter
967 1179 1016 1217 ad
1040 1179 1223 1217 victorem
1249 1178 1314 1215 de<-

20 1243 243 1286 ficientium.
277 1243 397 1294 Igitur
424 1256 512 1283 cum
536 1243 686 1294 reliquis
709 1243 870 1283 navibus
899 1243 1031 1281 relicta
1054 1240 1205 1288 Sicilia,
1225 1252 1311 1278 cur·-

20 1302 102 1342 sum
136 1304 175 1342 in
202 1305 324 1344 Afiam
355 1305 514 1353 direxit,
554 1306 790 1354 Antonium,
830 1305 880 1343 ob
915 1304 1101 1343 servatam
1122 1303 1162 1341 in
1196 1301 1309 1340 simili

18 1368 192 1418 periculo
220 1376 406 1417 matrem,
438 1368 506 1407 fibi
537 1368 689 1419 sperans
720 1369 927 1419 aequiorem
961 1368 1053 1406 fore.
1094 1367 1178 1406 Nec
1214 1364 1310 1404 inse—

19 1438 129 1469 cutus
156 1430 356 1481 quisquam
385 1430 438 1469 est
464 1431 701 1481 fugientem,
732 1431 805 1470 alia
839 1443 907 1481 per
930 1429 1084 1480 negotia
1107 1428 1307 1477 impeditis
1333 1444 1338 1449 ·

17 1493 252 1540 victoribus,
278 1495 313 1534 &
341 1494 437 1532 inter
470 1492 507 1531 se
532 1506 666 1543 parum
694 1493 836 1534 amicis.
891 1492 1047 1541 Quippe
1081 1489 1224 1537 Caesar,
1262 1488 1305 1527 in

19 1553 145 1593 castris
162 1553 212 1592 ad
235 1552 484 1592 Naulochum
509 1566 731 1601 remanens,
755 1554 962 1604 Agrippam
987 1553 1035 1591 ad
1061 1551 1305 1590 obsidionem

16 1615 197 1657 Meffanae
214 1614 387 1663 miserat3
416 1615 521 1664 quod
541 1615 732 1665 oppidum
755 1615 960 1654 intraverat
978 1615 1056 1662 jam
1073 1612 1278 1654 Plemmius
1288 1640 1311 1660 ‚⁷

16 1691 172 1728 unaque
203 1677 332 1716 secum
360 1676 507 1716 hostem
539 1685 747 1716 attraxerat
779 1677 980 1728 Lepidum.
1019 1677 1138 1727 Igitur
1161 1689 1181 1714 a
1204 1676 1304 1714 duo-

16 1739 88 1778 bus
117 1739 347 1778 exercitibus
374 1739 411 1778 se
433 1740 568 1779 videns
604 1740 798 1788 obsideri,
835 1742 884 1780 de
912 1754 1006 1792 pace
1031 1749 1199 1779 oratores
1230 1739 1305 1777 mia

15 1801 70 1840 fit.
103 1801 157 1840 ibi
179 1802 361 1840 tendente
388 1802 556 1852 Agrippa
573 1832 586 1849 ,
619 1815 658 1840 ut
691 1803 728 1840 in
751 1804 935 1841 adventurn
959 1803 1104 1854 Ccefizris
1136 1816 1190 1839 res
1212 1802 1302 1839 inte.²

13 1879 78 1917 gra
94 1866 315 1918 firvaretur3
336 1865 506 1915 Lepidus
531 1868 566 1905 ὁὶ
592 1877 727 1916 pacem
747 1865 934 1906 Pleminio
955 1866 1079 1906 statim
1108 1865 1240 1910 dedit,
1260 1865 1297 1904 81

16 1925 280 1965 conciliandis
297 1928 379 1976 ejus
401 1927 618 1978 legionibus
650 1930 806 1977 annuit,
833 1937 876 1968 ut
898 1943 973 1971 una
998 1942 1088 1968 cum
1103 1928 1176 1968 suis
1198 1927 1307 1969 mili-2,

12 1988 114 2027 tibus
142 1984 353 2046 Messanam
378 1997 460 2029 tota
490 1992 604 2030 noete
630 1991 848 2042 diriperent.

66 2049 232 2089 XXVII.
255 2049 416 2089 Acceffit
443 2053 478 2090 δε
498 2052 750 2100 incendium,
782 2052 931 2101 studio,
957 2064 1006 2091 an
1037 2051 1137 2090 inter·
1156 2049 1299 2089 militm³

15 2121 97 2149 tem
117 2109 314 2150 licentiam
336 2121 479 2152 temere
502 2122 652 2154 ortum:
680 2116 716 2154 ἃ
739 2124 899 2164 utraque
922 2114 1054 2153 audita
1077 2113 1205 2152 clades
1222 2124 1292 2150 ex-

17 2172 109 2210 civit
137 2171 343 2221 Caesarem,
366 2183 408 2213 ut
430 2174 602 2226 sequenti
627 2176 748 2215 statim
780 2176 842 2215 die
869 2175 1077 2214 advolaret.
1109 2176 1159 2214 At
1185 2174 1299 2223 Lepi-=

17 2234 87 2273 dus
101 2265 112 2282 ‚
132 2234 299 2273 adventu
316 2236 468 2277 Caesaris
483 2241 661 2290 cognito,
686 2238 842 2289 reliquit
862 2239 1072 2289 oppidum,
1090 2240 1125 2277 δι
1152 2239 1192 2275 in
1216 2234 1296 2274 col-

14 2296 51 2336 le
91 2295 260 2346 quodam
294 2299 446 2340 munito
483 2300 612 2340 castris
641 2301 790 2352 positis,
833 2301 1008 2340 obterere
1037 2299 1221 2340 Caesarem
1254 2298 1301 2336 in⁴

47 2417 83 2466 .§
106 2416 215 2450 XQV.
238 2417 314 2452 Liv.
341 2419 434 2463 Epit.
454 2419 599 2465 Appiam
621 2419 703 2455 Dio.
727 2420 751 2466 5
775 2420 902 2458 XXVI,
932 2419 1035 2453 Oros.
1057 2418 1077 2452 6
1094 2444 1106 2461 ,
1129 2418 1182 2453 ¹8.
1211 2417 1300 2453 Dio,

17 2459 97 2494 va.
120 2462 208 2507 Epic.
231 2462 378 2507 Appiam

956 2511 996 2554 C
1020 2529 1040 2569 3
