1617 2963
210 175 293 222 IN
330 173 503 221 Loc,
550 174 685 218 ΜΒ.
719 173 968 219 CXXXVI
1016 174 1162 217 mv,
1246 167 1339 233 §.6241-

122 281 304 322 LXXIV.
338 281 508 320 Moriens
534 278 714 317 balneum
733 278 876 328 populo
904 278 1064 330 legavit,
1086 279 1190 330 quod
1206 280 1339 332 Agrip-

41 360 43 362 ·
64 358 119 397 pae
147 344 292 383 dietum
316 342 392 391 est,
425 341 491 380 ubi
517 340 864 392 gratislavaretur3
898 342 948 380 ob
974 342 1050 380 hoc
1075 342 1215 392 praedia
1240 355 1340 391 quae-

70 407 159 445 dam
196 405 360 457 Augusto
398 404 636 451 adscribens,
677 416 838 453 quorum
880 416 901 442 e
935 404 1118 443 reditibus
1161 403 1339 454 impensae

71 467 343 518 praestarentur.
373 467 418 507 At
441 465 504 504 hic
523 466 725 516 pecuniam
752 464 903 514 insuper
924 467 1047 505 divilit
1073 465 1241 517 populo,
1262 475 1342 505 tan-

69 543 183 580 quam
211 531 246 569 84
271 529 346 568 hoc
362 530 524 579 Agrippa
539 526 703 577 jusfiffet.
723 526 975 567 Cherronesus
995 529 1107 570 etiarn
1135 529 1183 567 ad
1201 527 1345 567 Helles-

66 601 230 643 pontum
256 606 277 631 e
299 593 410 632 bonis
426 593 602 642 Agrippae
623 591 670 629 ad
693 590 873 630 Caesarem
896 592 1076 640 pervenit.
1108 592 1208 631 Nam
1236 591 1341 629 dein-

71 656 119 695 de
151 655 370 695 Postumum
397 653 583 693 nominari
610 654 807 706 Agrippam
833 651 981 700 voluit,
1005 666 1080 702 quo
1106 654 1230 702 Jpatris
1261 655 1342 702 ejus

73 719 260 757 memoria
289 715 503 756 diuturnior
532 717 567 754 St
596 715 785 753 recentior
810 713 929 762 esset;
965 714 1071 761 cujus
1103 715 1137 752 ὃς
1161 713 1342 753 Caesarem

72 781 108 819 ἃ
139 775 326 829 populum
358 791 404 816 ex
437 790 544 827 aequo
569 777 700 826 ingens
727 775 950 814 defiderium
987 784 1149 823 ceperat.
1185 776 1342 814 Summa

68 840 171 878 enim
197 840 401 889 prudentia
424 837 460 876 se
493 839 673 878 maximis
692 839 740 876 'in
763 837 926 887 negotiis
950 835 1130 887 gesserat,
1162 845 1203 874 ut
1228 836 1345 875 Caesa-

66 903 114 941 xis
137 903 339 953 imperium
370 911 571 951 acceptum
600 899 746 939 civibus
772 899 933 939 faceret:
960 902 994 938 ὁὶ
1018 910 1105 936 cum
1129 898 1267 948 vigiliis
1290 899 1343 938 la-

65 963 297 1014 boribusque
336 963 409 1003 suis
442 965 673 1013 praecipuum
708 965 788 1012 ejus
826 963 929 1013 regni
964 962 1247 1001 firmamentum
1281 962 1343 1001 es·-

65 1025 143 1074 set3
170 1028 374 1076 comitate,
403 1027 717 1076 mansuetudine,
746 1026 972 1066 liberalitate
991 1025 1184 1077 popularis
1209 1025 1342 1065 haberi

68 1098 271 1132 meruerat.

119 1149 277 1189 LXXV.
316 1149 412 1199 Ergo
438 1151 473 1189 ἂι
502 1152 583 1198 ejus
608 1159 770 1190 mortem
802 1149 1009 1201 prodigiis,
1034 1148 1157 1200 qualia
1184 1161 1340 1198 magnas

68 1209 304 1251 calamitates
336 1213 551 1261 praecedere
585 1213 752 1265 soleant,
792 1214 1079 1262 praenuntiatam
1117 1211 1189 1250 effe
1221 1212 1343 1250 credi-

67 1275 222 1322 derant3
251 1275 340 1324 quia
378 1274 551 1315 bubones
588 1276 625 1314 in
661 1276 755 1315 urbe
790 1276 1009 1325 conspecti,
1043 1276 1206 1314 fulmine
1243 1278 1341 1314 taeta

67 1337 206 1376 domus
234 1336 274 1374 in
302 1335 445 1376 Albano
464 1369 476 1386 ‚
506 1338 571 1377 ubi
605 1338 791 1377 divertere
824 1338 965 1377 Latinis
993 1337 1164 1376 consules
1187 1338 1342 1376 consue-

67 1406 224 1446 verant,
256 1400 290 1438 δι’
319 1408 470 1437 cometa
495 1412 560 1449 per
591 1399 804 1449 complures
839 1399 920 1437 dies
955 1399 1064 1449 super
1091 1398 1223 1440 urbem
1249 1411 1341 1437 con-

65 1457 237 1509 spe-stus,
270 1459 311 1497 in
346 1459 448 1498 faces
479 1459 622 1498 divisus
652 1460 786 1500 fuerat.
822 1459 1003 1499 Incendia
1036 1454 1187 1510 quoque
1220 1459 1342 1498 multa

68 1529 152 1560 tum
175 1520 410 1560 exstiterunt.
450 1523 486 1561 ἃ,
521 1523 619 1561 inter
641 1521 736 1569 alia,
763 1524 884 1561 corvis
905 1535 950 1561 ex
974 1534 1035 1561 ara
1058 1523 1219 1572 quadam
1251 1534 1339 1562 cum

68 1595 180 1622 carne
206 1592 314 1633 rapta
346 1597 486 1635 prunas
519 1585 794 1633 inferentibus,
828 1585 985 1624 Romuli
1016 1584 1100 1623 casa
1127 1584 1338 1633 conflagra—

66 1645 133 1684 vit.
170 1645 272 1685 Inter
306 1644 388 1685 haec
415 1659 504 1685 cum
532 1645 653 1685 lue‘tus
683 1645 793 1686 causa
824 1645 1038 1697 spectacula
1061 1645 1242 1684 solemnia
1268 1657 1341 1683 ne-

67 1706 324 1757 gligerentur,
354 1707 582 1758 primoribus
619 1708 770 1747 Patrum
798 1707 968 1760 interesse
1002 1706 1250 1752 nolentibus,
1284 1705 1339 1743 ni-

65 1768 121 1807 hil
146 1782 192 1808 ex
223 1770 344 1820 patrio
381 1782 486 1810 more
514 1771 738 1810 remittendi
772 1773 902 1810 auctor
926 1770 971 1809 iis
1001 1769 1120 1809 Caesar
1158 1768 1257 1816 fuit3
1300 1769 1336 1807 δε

65 1842 142 1879 quo
169 1829 293 1870 minus
317 1830 563 1878 dubitarent,
601 1831 825 1882 gladiatorio
853 1845 1011 1872 munere
1043 1832 1120 1883 ipse
1141 1831 1336 1882 praesedit:

66 1903 142 1940 quo
167 1891 345 1942 exemplo
373 1894 489 1932 etiam
517 1893 565 1933 ab
591 1893 673 1932 aliis
696 1907 810 1942 mox,
840 1893 995 1933 absente
1020 1894 1124 1944 ipso,
1145 1893 1225 1932 ludi
1248 1890 1336 1933 faeti

65 1950 178 2001 sunt3
204 1951 474 2005 pristinamque
492 1967 561 2006 per
583 1954 717 1995 *omnia
744 1955 910 2006 speciem
930 1955 1063 1996 civitas
1088 1956 1244 2006 recepit.

108 2067 131 2114 §
155 2068 309 2107 LXXIV.
328 2070 410 2108 Dio.
