1617 2963
251 174 315 223 86
400 174 494 223 JO.
526 171 1020 221 FREINSHEMII
1061 172 1414 222 SUPPLEM.

311 282 384 323 LV.
414 283 476 322 Sic
499 285 533 322 δε
560 282 624 332 qui
651 288 731 319 tum
758 288 864 319 erant
879 280 931 319 rei
959 282 1127 327 exemti,
1147 284 1182 321 ἅ
1206 281 1430 331 quibusdam
1445 280 1528 321 aliis

256 344 399 384 ostensa
431 345 472 383 in
510 344 698 395 posterum
737 344 932 394 praedandi
971 345 1194 394 impunitas.
1247 344 1293 383 In
1329 356 1531 383 numerum

251 407 524 458 patriciorum,
550 405 612 456 qui
650 405 913 457 frequentibus
953 404 1060 444 bellis
1091 404 1291 444 exhaustus
1318 413 1418 452 erat,
1444 403 1533 454 ple-

254 469 334 517 beji
375 468 531 518 quidam
581 466 733 507 collecti
782 467 867 506 sunt
910 466 1248 506 senatusconsulto.
1293 467 1533 518 Magistratus

252 531 369 568 etiam
391 531 490 568 varie
512 529 631 568 habiti
655 530 877 579 mutatique.
909 530 962 569 Ex
987 529 1070 569 Kal.
1087 528 1183 578 Maj.
1207 529 1247 570 L.
1270 529 1423 569 Flavius
1444 542 1534 567 con.

250 589 415 630 sulatum
441 591 553 631 iniit:
583 604 628 630 ex
659 591 744 632 Kal.
778 590 852 639 Jul.
880 592 921 631 C.
947 591 1149 639 Fontejus,
1176 591 1231 632 M.
1266 590 1424 631 Acilius.
1458 591 1534 631 Ka-

251 649 377 691 lendae
423 652 665 703 Septembres
706 654 746 693 L.
778 654 972 693 Vinicium
1014 654 1234 701 consulem,
1274 653 1462 693 Ostobres
1491 653 1535 694 L.

252 716 461 756 Latonium
494 717 770 765 produxerunt.
801 716 840 756 L.
866 715 1051 766 Asyllius‚
1076 716 1180 769 (five
1206 715 1367 754 fortaffis
1397 713 1534 754 Asellio

251 777 353 830 fuit)
383 789 472 815 cum
496 777 676 818 diuturno
703 777 839 816 morbo
874 785 1034 816 vexatus
1062 784 1267 827 praeturam
1296 778 1534 826 deponeret,

251 838 374 878 filium
397 837 505 877 suum
537 837 783 878 successorem
804 839 974 888 accepit:
1002 839 1041 878 in
1074 837 1225 877 alterius
1254 839 1450 887 cujusdam
1478 837 1537 876 lo-

253 911 372 946 cum,
409 900 474 947 qui
508 908 585 936 erat
620 907 794 936 extremo
829 911 929 936 anno
966 906 1165 946 mortum,
1197 897 1290 937 alius
1325 911 1464 948 paucas
1492 899 1534 936 in

252 959 366 999 horas
394 958 571 998 suffecius
605 959 666 997 est.
698 958 799 998 Dum
835 958 899 998 ista
930 958 1061 998 Romae
1088 967 1291 1008 geruntur,
1317 958 1372 998 M.
1413 960 1537 1009 Anto-

252 1022 358 1068 nius,
386 1021 526 1059 nuntiis
553 1022 586 1059 &
606 1019 723 1059 literis
743 1019 882 1060 Mediae
903 1021 998 1070 regis
1021 1020 1188 1068 excitus,
1206 1019 1355 1069 prolixe
1375 1018 1535 1058 offeren-

249 1086 300 1123 tis
339 1084 488 1130 omnia,
521 1096 699 1132 magnam
730 1083 769 1120 in
800 1082 903 1132 spem
933 1092 1086 1122 venerat
1113 1082 1342 1122 conficiendi
1370 1081 1534 1122 Parthici

252 1146 372 1193 belli,
402 1146 425 1186 si
460 1146 741 1196 sagittariorum
776 1146 1026 1194 equitumque
1059 1151 1209 1182 tantum
1243 1155 1446 1182 numerum
1477 1142 1534 1181 le-

253 1209 434 1260 gionibus
458 1207 530 1248 suis
554 1207 793 1257 adjunxisset.
818 1207 862 1246 ld
883 1207 987 1246 enim
1016 1207 1204 1257 praecipue
1228 1205 1386 1245 defuiffe
1413 1217 1533 1255 nupe-

250 1273 301 1312 ris
329 1270 529 1309 conatibus
552 1268 803 1320 intelligebat.

307 1340 401 1381 LVI.
430 1339 580 1380 Interea
605 1340 822 1386 nuntiatur,
850 1337 1049 1378 Octaviam
1071 1337 1118 1376 ab
1142 1337 1235 1376 urbe
1262 1336 1463 1388 digreffam
1481 1335 1533 1375 ad

251 1402 375 1441 virum
409 1403 600 1451 navigare.
634 1401 673 1440 id
699 1398 928 1440 concesserat
964 1402 1110 1451 petenti
1140 1400 1277 1448 frater,
1300 1399 1448 1449 semper
1476 1398 1532 1435 in-

252 1461 436 1511 dulgens,
467 1463 501 1501 ἃ
531 1460 633 1500 hunc
673 1462 790 1498 etiam
824 1468 1051 1510 praetextum
1083 1460 1172 1501 belli
1206 1459 1456 1499 favorabilem
1489 1459 1531 1497 in

249 1522 386 1573 vulgus
422 1520 639 1568 habiturus,
667 1521 712 1567 fi,
742 1523 846 1571 quod
877 1522 1047 1570 rebatur,
1074 1522 1251 1572 despecta
1282 1522 1329 1561 ab
1363 1521 1537 1561 Antonio

254 1587 290 1626 &
327 1583 601 1623 contumeliose
640 1585 794 1622 tradtata
826 1583 966 1624 fuisset.
996 1584 1080 1623 Nec
1111 1581 1249 1622 fefellit
1281 1595 1369 1621 eum
1401 1583 1533 1630 conje-

252 1649 381 1687 ἃυῑειε
412 1646 476 1684 vix
506 1645 669 1684 Athenas
699 1644 897 1695 appulerat
920 1644 1087 1693 mulier,
1110 1657 1196 1684 cum
1224 1644 1377 1684 Antonii
1404 1642 1530 1682 literas

254 1710 424 1760 accepit,
445 1708 593 1747 ibidem
623 1707 793 1756 jubentis
823 1707 1057 1758 exspectare,
1076 1708 1202 1747 donec
1221 1707 1270 1746 ab
1288 1706 1530 1757 expeditione

250 1770 426 1809 Parthica
454 1769 615 1808 redisset.
646 1767 733 1815 llla,
756 1768 847 1807 licet
870 1782 966 1819 aegre
987 1770 1110 1809 ferens
1137 1769 1218 1809 haec
1243 1770 1445 1818 mandata,
1461 1769 1530 1807 mi.

247 1832 292 1870 fit
325 1841 454 1871 tamen
484 1831 674 1882 quendam
703 1843 750 1869 ex
785 1831 1037 1871 familiaribus
1065 1832 1245 1879 Antonii,
1275 1832 1437 1881 Nigrum
1463 1844 1532 1869 no-

246 1894 372 1942 mine,
401 1893 466 1945 qui
503 1892 661 1931 multam
693 1892 830 1931 vestem
866 1892 1094 1939 militarem,
1125 1896 1374 1943 jumentaque
1402 1896 1437 1933 &
1464 1905 1530 1943 pe-

248 1956 402 2002 eunias,
435 1965 515 1994 tum
549 1955 680 1993 amicis
714 1963 828 2005 atque
861 1955 1023 1995 ducibus
1054 1957 1294 2005 imperatoris
1332 1956 1432 1994 dona
1460 1955 1528 1993 do-

246 2026 347 2056 ceret
374 2016 608 2068 deportasse:
638 2026 815 2067 praeterea
841 2016 1027 2056 leciorum
1053 2019 1220 2057 virorum
1247 2019 1287 2055 in
1312 2017 1527 2067 praetoriam

246 2081 446 2120 cohortem
477 2082 677 2130 impetrata
706 2093 727 2118 a
758 2080 873 2119 fratre
911 2079 1030 2119 millia
1065 2081 1168 2126 duo,
1198 2092 1285 2119 cum
1319 2079 1525 2130 insignibus

244 2144 380 2191 armis,
410 2144 444 2183 δε
468 2144 639 2192 equitum
671 2141 782 2181 alam.

298 2211 411 2252 LVII.
438 2211 532 2251 Haec
566 2210 631 2249 ubi
664 2211 829 2249 Antonio
854 2209 1031 2262 exposuit
1056 2211 1198 2261 Niger,
1227 2210 1364 2250 multas
1384 2210 1525 2250 identi-

244 2272 331 2313 dem
368 2275 403 2313 &
438 2275 589 2311 meritas
625 2272 756 2314 laudes
799 2272 1099 2323 praestantissimae
1137 2281 1320 2312 matronae
1351 2273 1525 2310 intermi-

242 2334 374 2383 scens;
397 2347 529 2374 omnes
560 2345 656 2374 artes
689 2335 871 2374 adhibere
905 2335 1103 2386 Cleopatra
1137 2337 1280 2387 coepit,
1307 2347 1376 2383 ne,
1407 2345 1521 2384 quem

286 2468 309 2513 §
333 2469 403 2504 LV.
428 2469 575 2514 Appian.
600 2468 712 2502 Parth.
731 2467 823 2503 Plut.
842 2469 877 2503 in
902 2469 1031 2504 Anton.
1060 2480 1088 2502 c.
1110 2467 1165 2503 68.
1189 2467 1211 2513 S
1240 2466 1328 2503 LVI.
1349 2464 1432 2501 Dioa

1611 796 1615 841 1
