1617 2963
266 209 329 257 34
394 195 1043 244 JO.FR}31NSHEM11
1094 197 1456 252 SUPPLEM.

266 303 399 342 citavit
425 303 672 350 Cornificius,
697 301 844 342 ostenso
868 304 975 343 fonte
998 305 1215 356 propinquo
1232 337 1243 356 ,
1270 315 1313 347 ut
1334 308 1449 349 semel
1470 308 1550 349 col-

251 364 374 406 <lectis
403 365 542 404 viribus
575 363 728 402 unicam
758 363 888 403 salutis
919 365 1023 415 spem
1053 367 1261 416 pugnando
1295 369 1545 419 capesserent.

261 429 339 468 Sed
369 429 461 467 dum
490 427 609 467 multa
633 427 786 466 suorum
811 429 958 476 J'ac‘tura
987 441 1145 468 manum
1179 442 1269 470 cum
1300 432 1547 481 praesentibus

263 491 496 539 conserunt,
523 491 676 530 fontem
709 490 756 529 ab
785 489 861 529 alio
893 491 1064 541 praesidio
1095 490 1261 532 hostium
1294 495 1474 544 occupari
1493 495 1550 532 vi-

261 555 412 593 derunt.
453 553 554 594 Tum
581 565 668 591 vero
694 553 847 602 penitus
873 555 1000 592 omnis
1031 554 1195 592 defluxit
1219 556 1445 604 corporibus
1466 557 1550 595 ani-

255 613 405 664 misque
433 614 563 665 vigor:
601 611 870 663 torpentesque
890 614 1112 664 fatigatione
1141 617 1175 654 &
1204 616 1340 663 taedio,
1369 618 1473 667 quod
1505 619 1547 657 in

255 675 347 724 ipsis
378 683 478 722 erat,
511 674 722 725 perierant3
762 686 851 712 cum
884 676 1035 714 eminus
1071 675 1272 726 conspecta
1305 677 1406 728 signa
1429 677 1548 728 legio-

256 749 353 775 num
367 766 378 783 ,
405 735 523 775 dubia
543 736 709 786 primum
723 764 734 783 ᾗ
761 747 872 785 mOX,
889 735 955 774 ubi
974 736 1152 788 cognosci
1167 745 1348 789 potuere,
1366 748 1466 779 certa
1481 739 1545 791 spe

261 798 484 839 deficientes
513 805 727 837 erexerunt.

313 861 431 901 XIX.
461 860 642 900 Laronius
675 867 776 909 erat5
798 859 845 899 ab
875 860 1041 911 Agrippa
1071 861 1200 902 missus
1227 875 1315 902 curn
1342 863 1462 903 tribus
1492 862 1550 903 les

256 924 436 976 gionibus
469 926 504 963 ὁὶ
536 923 755 970 frumento,
793 923 903 971 cujus
937 935 1048 973 egere
1088 924 1364 965 Cornificianos
1391 925 1548 967 sciebat.

253 988 357 1027 Nam
405 985 603 1035 Agrippa,
646 983 929 1023 Democharem
971 984 1046 1024 alio
1090 986 1308 1035 profectum
1351 982 1574 1034 sentiens,‘

253 1046 522 1098 Tyndaridem
565 1053 746 1094 ceperat,
780 1045 958 1084 refertam
988 1046 1129 1096 copiis,
1169 1048 1205 1086 &
1236 1056 1456 1098 opportuno
1493 1048 1544 1087 ad

254 1121 362 1147 mare
388 1107 466 1146 fito.
495 1106 647 1146 Idcirco
681 1106 889 1156 Pompejus
922 1106 1048 1156 ipsum
1075 1098 1200 1147 adeffe
1220 1108 1437 1160 *Agrippam
1464 1109 1545 1147 exi-

251 1170 436 1215 stimans,
467 1170 575 1206 tanta
610 1166 804 1205 celeritate
834 1167 1020 1216 disceffit,
1048 1178 1091 1208 ut
1120 1171 1237 1209 etiam
1262 1184 1348 1221 pars
1377 1172 1546 1222 impedi-

253 1241 476 1272 mentorum
500 1229 538 1266 in
562 1228 687 1267 castris
714 1227 998 1279 relinqueretur.
1032 1233 1080 1270 At
1105 1231 1352 1272 Cornificiani
1376 1234 1542 1283 milites,

251 1293 362 1332 fonte
400 1290 537 1341 potiti,
566 1302 799 1340 quamquam
839 1291 1084 1330 monentibus
1130 1292 1178 1331 de
1223 1293 1392 1343 periculo
1431 1294 1542 1334 duci-

252 1353 353 1402 bus,
381 1353 480 1392 adeo
518 1352 699 1391 biberunt
723 1352 1016 1403 itemperanter,
1045 1362 1088 1393 ut
1119 1354 1232 1393 multi
1262 1355 1445 1406 praecluso
1469 1356 1543 1407 spi-

250 1415 329 1454 ritu
355 1416 456 1453 inter
478 1413 739 1452 hauriendum
763 1415 1083 1456 exanimarentur.
1109 1415 1262 1456 Ceteros
1289 1419 1336 1458 ad
1365 1419 1538 1470 Agrippae

250 1477 372 1516 castra
399 1475 604 1526 perduetos
638 1474 907 1525 superveniens
936 1476 1050 1526 paulo
1086 1478 1170 1527 post
1196 1477 1316 1517 Caesar
1346 1478 1544 1528 laudavit,

250 1540 487 1589 donavitque
513 1551 561 1577 ex
585 1539 746 1586 merit03
767 1539 848 1577 vim
875 1539 978 1578 enim
1003 1540 1238 1589 maximam,
1266 1553 1346 1580 non
1373 1541 1538 1582 hostium

248 1602 387 1647 mode,
410 1599 475 1638 sed
492 1630 502 1647 ‚
518 1612 599 1649 quae
615 1598 701 1637 sunt
721 1598 941 1638 hominibus
963 1599 1423 1650 intolerabilia,famem‚
1439 1603 1538 1643 fitim

249 1662 380 1701 aestum
415 1660 675 1700 sustinuerant.
713 1658 938 1699 Cornificius
969 1661 1128 1711 quidem
1159 1669 1311 1702 tantum
1349 1663 1442 1710 fibi,
1463 1663 1537 1702 ser-

249 1724 349 1764 vatis
383 1722 486 1761 hisce
528 1721 676 1772 copiis,
701 1722 860 1769 tribuit,
897 1730 940 1760 ut
976 1723 1103 1772 postea
1142 1724 1304 1773 Romae,
1336 1725 1486 1775 quoties
1515 1738 1539 1765 a

249 1797 363 1825 coena
400 1785 541 1823 rediret
578 1785 761 1831 domum,
797 1782 1003 1832 elephanto
1036 1785 1264 1824 vestaretur.

314 1849 409 1890 XX.
450 1848 598 1887 Interea
635 1846 756 1886 Caesar
794 1846 992 1897 ingentem
1040 1847 1252 1887 exercitum
1291 1848 1332 1887 in
1366 1849 1536 1890 Siciliam

246 1909 538 1955 transduxerat,
560 1907 730 1958 legiones
757 1918 875 1946 unam
894 1909 929 1946 Sc
958 1908 1119 1957 viginti,
1142 1907 1275 1947 leviter
1299 1919 1538 1951 armatorum

247 1970 377 2022 plures
409 1969 578 2019 quinque
605 1967 797 2015 millibus,
827 1969 1002 2016 equitum
1027 1967 1177 2018 viginti.
1204 1968 1382 2008 Ceterum
1407 1978 1536 2011 totum

246 2035 371 2075 ferme
391 2033 480 2073 litus
513 2033 749 2082 Pompeiana
770 2030 939 2081 praefidia
966 2031 1173 2080 tenebant,
1205 2032 1412 2072 continuos
1428 2034 1535 2083 ignes

247 2096 413 2144 alenda,
441 2104 486 2135 ut
513 2103 618 2134 metu
642 2093 811 2133 incendii
847 2106 962 2132 naves
994 2093 1197 2143 Agrippae,
1225 2107 1338 2143 quem
1370 2096 1537 2135 maxime

247 2158 462 2206 timebant,
488 2158 730 2197 deterrerent.
767 2156 1111 2196 Tauromenitanas
1134 2169 1287 2206 quoque
1314 2156 1469 2206 fauces,
1498 2159 1536 2198 δε

249 2235 333 2274 quae
361 2222 410 2260 ad
439 2220 566 2271 Mylas
601 2219 712 2267 sunt,
755 2219 959 2269 Pompeius
990 2227 1222 2269 occuparat3
1256 2220 1534 2271 montanosque

248 2284 365 2324 calles
394 2285 512 2322 muris
543 2283 689 2322 eductis
722 2281 970 2331 praecluserat.
999 2281 1072 2321 Sed
1107 2282 1143 2320 δε
1177 2282 1394 2331 profestum
1426 2282 1535 2332 Tyn-

246 2346 381 2384 daride
413 2344 618 2391 Caesarem,
648 2344 828 2393 oppositis
862 2344 964 2393 apud
997 2343 1177 2382 Dianium
1203 2343 1348 2391 castris,
1382 2340 1530 2385 levibus

248 2410 424 2458 equitum
441 2407 584 2458 proeliis
603 2406 796 2454 distinuit,
815 2418 952 2456 pugnae
977 2405 1014 2444 se
1038 2404 1237 2445 nolentem
1263 2404 1525 2454 committere3

295 2521 317 2566 ἓ
355 2522 479 2561 XVIII.
500 2522 580 2559 Dio,
607 2522 752 2566 Appiam.
781 2521 803 2567 §
828 2521 921 2557 ΧΙΧ.
948 2523 1092 2568 ΑΡΡΞᾶῐι.
1113 2522 1195 2558 Dio.
