1617 2963
245 171 308 218 42
407 159 498 208 JO.
545 159 1051 208 FREINSHEMII
1085 158 1434 208 SUPPLEMs

244 278 313 307 mo
339 280 436 307 unus
469 268 680 318 praecipue,
711 265 776 306 sed
803 267 1006 307 confertim
1037 279 1114 306 uno
1146 281 1211 307 ore
1247 267 1526 317 acclamarent,

239 329 337 368 mitti
357 329 457 367 welk.
486 326 627 375 Caesar‚
644 327 732 368 satis
758 327 999 379 intelligens,
1021 328 1196 367 nondum
1223 328 1365 368 militiae
1391 337 1525 379 pertae-

240 387 324 435 sos,
352 389 441 428 ideo
477 397 628 428 tantum
664 388 850 440 postulare
882 391 1124 439 mistionem,
1155 400 1199 430 ut
1223 390 1262 430 se
1289 390 1404 442 paulo
1443 391 1527 441 post

240 460 333 488 cum
362 451 530 489 Antonio
559 451 837 491 dimicaturum
863 453 932 505 (id
954 455 1059 493 enim
1082 453 1164 492 fore
1183 451 1273 491 olim
1299 452 1528 505 apparebat)

232 512 430 550 ‹re'dimere
454 524 611 562 operam
638 526 771 552 eorum
793 522 906 564 atque
933 514 1239 553 benevolentiam
1268 526 1424 563 quoquo
1445 526 1528 552 mo-

240 573 294 610 do
319 581 527 622 cogerent,
553 573 714 613 minime
744 574 962 615 cedendum
991 575 1200 624 judicavit3
1230 574 1417 625 sapienter
1444 574 1528 613 exi-

236 634 415 685 stimans,
451 636 476 675 fi
512 635 629 676 semel
661 637 763 676 vinci
796 637 920 687 paffus
963 638 1077 686 effer,
1118 651 1315 688 nunquam
1357 637 1528 676 militum

233 695 436 751 licentiam
476 699 748 749 avaritiamque
785 698 992 749 cessuram,
1017 701 1109 750 quin
1141 699 1247 740 aliud
1279 713 1327 740 ex
1359 699 1435 758 alio
1459 700 1527 739 fla-

237 757 414 808 gitarent.
969 760 997 800 (,

305 819 495 860 XXXVI.
538 820 659 871 Igitur
688 819 927 861 severitatem
958 820 1454 874 liberalitate'temperans,
1484 831 1530 862 ut

235 881 388 922 diversa
425 892 530 922 erant
570 896 707 934 genera
744 884 947 934 aetatesque
993 884 1189 934 militum,
1221 886 1322 927 varie
1355 898 1443 925 curn
1481 886 1527 924 iis

239 955 351 992 agere
382 944 553 984 instituit.
595 947 631 984 ἃ
666 945 897 985 Mutinensis
931 947 1088 996 quidem
1123 947 1270 987 militiae
1308 947 1443 995 sociis,
1485 957 1558 987 ut:v

239 1007 493 1048 vetustiffimae
524 1008 723 1059 legionum
752 1009 878 1061 parti,
913 1009 1130 1049 miffionem
1171 1011 1302 1058 dedit;
1333 1010 1445 1049 nilzilo
1466 1013 1528 1063 se-

239 1069 317 1107 cius
339 1069 573 1122 exsbluturum
591 1071 735 1122 pramia
761 1067 963 1119 pollicitus
1015 1083 1102 1109 cum
1128 1070 1168 1109 hi
1205 1070 1450 1110 disceffiffent
1475 1083 1527 1110 ex

239 1129 389 1178 insula,
414 1131 569 1185 (statim
594 1132 696 1170 enirn
725 1131 880 1180 jusserat
906 1131 1051 1181 avehi)
1078 1132 1268 1181 ceterique
1296 1132 1337 1170 in
1361 1132 1530 1182 petenda

237 1192 416 1231 mistione
436 1193 690 1244 perfisterenr,
713 1195 852 1233 dimifit
877 1208 1034 1243 omnes,
1049 1196 1111 1246 qui
1139 1196 1235 1235 dena
1255 1196 1442 1245 stipendia
1461 1207 1525 1234 ex-

239 1255 461 1308 pleviffent3
487 1271 562 1308 quo
588 1262 748 1297 numero
768 1258 889 1297 ferme
911 1266 1042 1307 erant,
1066 1259 1130 1309 qui
1155 1260 1203 1297 ad
1228 1258 1430 1309 Philippos
1456 1270 1527 1296 na-

239 1327 375 1356 varant
397 1330 564 1368 operam.
589 1320 653 1358 lzos
686 1335 818 1372 quoque
836 1320 997 1374 fhceffi’re
1025 1320 1127 1369 juffit
1150 1336 1196 1359 ex
1222 1322 1352 1374 infida.
1383 1320 1444 1360 Sic
1470 1319 1528 1358 di-

241 1378 359 1418 missis
393 1379 541 1421 circiter
571 1380 707 1431 viginti
739 1381 929 1430 millibus,
960 1391 1106 1423 ceteros
1139 1396 1208 1433 pro
1241 1382 1430 1420 concione
1459 1381 1528 1420 ad-

240 1438 443 1487 hortatus,
467 1456 509 1478 ne
524 1443 705 1492 perfidiam
720 1443 846 1494 sponte
873 1444 1089 1495 imperatoris
1121 1444 1285 1482 militiam
1307 1442 1529 1493 deserentium

241 1502 482 1550 imitarentur,
512 1501 706 1552 laudavit,
739 1503 971 1555 donavitque
1004 1506 1204 1555 quingenis
1234 1505 1430 1552 denariis,
1462 1503 1529 1554 spe

237 1561 399 1612 -infuper
423 1563 542 1612 fac'ta,
558 1563 661 1614 fore,
680 1578 718 1603 ut
741 1567 836 1604 brevi
863 1568 987 1606 honore
1010 1568 1195 1620 opibusque
1214 1567 1382 1606 cumulati
1409 1565 1531 1604 dimit„

242 1636 402 1665 terenmr.
424 1625 613 1674 Adjunxit
626 1657 637 1675 ,
654 1627 790 1665 nullius
814 1642 925 1666 eorum
947 1643 1050 1681 opera
1075 1630 1233 1682 deinceps
1261 1624 1420 1680 usurum,
1439 1640 1527 1679 quos

245 1687 384 1725 invitus
408 1687 603 1739 dimistffit,
629 1688 764 1740 etianfi
782 1689 1009 1742 instantlffi'tne
1036 1692 1292 1742 deprecarentur
1303 1706 1320 1737 ‚·
1337 1704 1442 1742 neque
1462 1691 1529 1726 da-

249 1761 362 1788 turum
383 1751 549 1802 praemia,
569 1751 636 1800 nisi
663 1765 771 1802 quos,
802 1753 907 1803 causa
931 1751 1095 1803 cognita,
1125 1752 1251 1804 dignos
1275 1751 1474 1805 judicaſjbt.

311 1810 521 1850 XXXVII.
560 1810 716 1849 Interim
754 1818 797 1848 ut
833 1810 1081 1860 praesentibus
1114 1811 1339 1861 promifl'um
1377 1810 1530 1850 donati·

246 1884 339 1912 vum
363 1872 708 1923 repraesentaretur,
742 1886 858 1923 quam
896 1875 942 1912 ad
969 1887 1049 1913 rem
1079 1875 1241 1925 pecunia
1268 1875 1422 1922 deerat,
1452 1874 1530 1914 sta-

247 1935 318 1975 tim
345 1947 366 1973 a
402 1935 589 1974 concione
621 1934 760 1975 Siculis
790 1936 981 1975 tributum
1015 1937 1218 1986 imperavit
1251 1936 1392 1975 talenta
1420 1935 1528 1975 mille

245 1994 440 2035 sexcenta.
470 1996 544 2035 Sed
574 1997 750 2047 Agrippae
784 2010 966 2037 coronam
996 2011 1145 2038 auream
1171 1998 1388 2047 rostratam,
1418 2000 1529 2036 item-

250 2069 326 2106 que
351 2056 532 2097 vexillum
559 2058 789 2107 caeruleum,
813 2059 961 2099 virtutis
1004 2060 1114 2100 causa
1143 2061 1273 2108 dedit3
1303 2051 1366 2110 qui
1402 2059 1530 2099 honos

247 2121 397 2161 nemini
431 2130 518 2160 ante
548 2135 636 2161 eum
671 2132 751 2161 erat
784 2121 947 2162 habitus.
976 2124 1050 2163 His
1082 2125 1134 2162 ita
1163 2124 1297 2173 gestis,
1332 2123 1529 2170 Statilium

250 2181 443 2231 Taurum,
463 2186 571 2232 cujus
596 2184 706 2222 armis
734 2184 888 2223 interim
904 2183 1030 2224 Sicilia
1055 2193 1134 2224 tota
1161 2184 1340 2230 ceflerat,
1368 2184 1411 2223 in
1432 2183 1531 2223 Afri-

253 2257 339 2284 cam
373 2247 597 2296 proconsule
630 2240 728 2287 m'ifit
749 2264 758 2288 ε
796 2260 818 2286 a
844 2260 920 2298 quo
946 2247 1068 2286 statim
1104 2259 1258 2298 recepta
1284 2256 1413 2286 vetere
1434 2258 1532 2296 pro-

251 2309 402 2357 vincia,
431 2323 478 2349 ne
517 2311 702 2351 Numidia
741 2311 901 2361 quidem
939 2323 1085 2350 moram
1120 2310 1222 2349 fecit.
1253 2310 1311 2349 Ita
1344 2307 1530 2360 praemiffa

260 2467 281 2502 6
298 2425 320 2469 5
345 2425 487 2461 xxxv.
507 2426 586 2461 1320.
611 2426 812 2470 §xxxva
839 2427 963 2472 γεω.
989 2436 1004 2458 2
1021 2453 1032 2472 ἶ
1054 2426 1108 2460 ει.
1128 2413 1382 2472 Appimfnio.
1422 2422 1528 2460 0:0ss

294 2494 304 2511 ,
328 2480 381 2505 ιι.
798 2483 802 2490 ·
