1617 2963
244 189 482 253 517210.
510 188 1045 236 FRE1NSHEM11
1079 188 1457 238 SUPPLEM.·

245 306 319 349 ‘quae
350 297 427 335 loca
447 296 578 349 proeliis
605 294 764 347 aptiora,
796 307 867 346 quae
891 294 1087 346 praesidiis,
1116 294 1175 332 ubi
1196 297 1358 347 ponenda
1388 300 1524 351 castrag
1581 324 1586 330 -

242 371 306 396 aut
331 360 530 411 conserenda
560 371 702 409 pugna,
741 367 804 393 aut
831 358 997 407 quomodo
1036 356 1236 409 instruenda
1263 359 1358 397 acies
1373 358 1517 410 finem:

238 420 315 472 post
338 431 409 457 tam
432 419 578 472 peritum
611 418 725 456 omnis
754 416 889 455 militiae
920 419 1036 455 ducem
1066 417 1275 469 sententiam
1303 434 1408 458 meam
1439 435 1519 474 pro·-

239 493 345 528 mere‚
365 479 450 517 milli
474 493 604 532 quoque
627 480 778 531 ineptum
791 490 893 529 atque
910 479 1162 530 supervacuum
1183 481 1362 519 videretur.
1384 484 1520 532 Nunc,

239 543 380 592 quando
418 543 473 580 lzis
514 544 556 580 de
586 541 735 595 negotiis
778 541 980 578 deliberatio
1010 541 1075 592 est,
1101 554 1241 592 quorum
1275 557 1337 595 ego
1360 546 1520 583 omnibus

239 601 315 653 assis
350 603 481 650 annis,
515 603 639 656 quibus
676 614 714 639 tu
750 616 824 640 cum
858 602 1000 653 Caesaris
1036 602 1185 654 hostibus
1222 617 1388 655 pugnas,
1416 605 1514 655 usum

239 663 389 715 aliquem
419 678 610 716 comparare
647 665 773 711 debui;
802 678 870 701 non
903 664 1060 710 verebor,
1082 665 1174 701 bona
1200 679 1274 702 cum
1308 679 1396 716 pace
1427 678 1516 712 tua,

241 725 288 761 ab
317 726 394 774 his,
423 740 496 778 quae
516 727 579 764 tibi
598 727 674 778 visa
689 728 796 778 sun-t,
822 725 1015 776 discedere,
1040 727 1099 763 M.
1116 726 1294 777 Agrippa.
1324 728 1402 765 Nec
1420 727 1523 764 aliud

240 800 442 840 magnopere
467 787 665 840 proferam,
695 800 797 838 quam
828 785 926 837 cujus
951 786 1029 838 ipsa
1064 800 1114 824 me
1140 787 1352 838 experientia
1390 789 1515 826 admo-

238 849 344 896 nuit,
369 850 479 886 multa
506 850 654 902 fitbinde
680 859 887 893 tentantem,
917 848 1263 898 quornodostomines
1295 863 1355 888 nec
1387 850 1437 887 ad
1469 848 1520 887 li-

242 911 402 950 bertatem
433 914 621 965 integram,
645 926 705 951 nec
730 914 779 949 ad
796 910 997 964 servitutem
1028 911 1107 948 nati
1134 923 1329 963 regerentur.

290 981 426 1022 XXX.
455 985 542 1022 Nou
573 996 687 1021 autem
724 994 859 1029 metuo,
888 994 926 1021 ut
953 982 1038 1020 mihi
1063 983 1121 1021 des
1144 983 1243 1021 libere
1272 983 1433 1034 loquendi
1456 998 1516 1022 ve-

236 1043 354 1089 niam,
387 1058 488 1095 quam
517 1055 652 1095 uterque
684 1043 750 1095 nist
774 1043 873 1080 nobis
904 1057 927 1079 a
962 1043 1090 1095 Coesare
1116 1043 1381 1095 polliceamur,
1412 1058 1518 1096 neque

233 1115 275 1142 tu
307 1106 410 1144 verba
445 1107 535 1144 hunc
575 1107 613 1143 in
644 1107 779 1143 modum
801 1104 938 1157 ftcff‘s
954 1135 965 1152 ,
991 1119 1097 1156 neque
1124 1105 1284 1156 [aelurus
1321 1119 1382 1157 ego
1407 1106 1515 1157 efferri.

230 1166 352 1204 'Plane
386 1167 483 1205 locus
510 1168 595 1216 ille,
624 1167 683 1219 qui
711 1167 774 1205 tibi
808 1168 957 1204 tuendus
989 1169 1055 1219 est,
1083 1168 1216 1219 caestu,
1241 1183 1390 1220 praeceps
1418 1171 1462 1222 est
1483 1171 1518 1208 G·

232 1223 403 1274 lubricus,
433 1228 468 1266 δ’
489 1229 605 1266 cuivis
639 1228 764 1279 impari
784 1228 933 1278 futurus
966 1229 1162 1280 ignominiae
1192 1243 1233 1266 ac
1256 1229 1359 1266 exitii
1382 1230 1517 1281 causa,-

232 1299 339 1337 neque
367 1289 595 1340 postulandus
622 1290 806 1341 cuiquam,
837 1289 893 1326 cui
915 1290 1033 1342 secure
1070 1291 1186 1342 degere
1215 1290 1253 1327 in
1283 1291 1363 1327 bene
1395 1292 1518 1342 consti-

233 1357 312 1384 tuta
345 1349 518 1399 republica
542 1350 798 1401 permitteretur.
833 1350 982 1388 Ceterum
1016 1364 1086 1387 non
1112 1365 1153 1388 ea
1171 1351 1259 1403 sunt
1281 1352 1377 1388 urbis
1401 1352 1519 1403 nostrat-

232 1418 407 1459 tempora,
433 1422 472 1447 ut
495 1410 556 1448 lzoc
591 1411 725 1462 sperare
759 1410 892 1448 liceat:
923 1410 959 1447 δ’
990 1412 1265 1462 quemadmodum
1294 1412 1519 1462 parentibus,

234 1468 370 1519 quoties
398 1470 498 1521 senio
540 1472 709 1523 defipiunt
731 1499 742 1518 ,
772 1470 956 1522 neceffaria
998 1472 1108 1510 tutela
1155 1472 1335 1510 liberorum
1369 1474 1439 1524 efl;
1462 1475 1515 1524 fic

231 1531 337 1568 etiam
355 1534 500 1585 patria,
528 1535 694 1586 vetustate
719 1534 845 1572 debilis
862 1564 874 1582 ‚
905 1533 1055 1572 moribus
1083 1548 1194 1586 oegra,
1216 1535 1419 1573 tumultibus
1445 1535 1517 1573 bel·

231 1590 341 1643 lisque
381 1593 546 1631 civilibus
575 1593 757 1646 concuffa,
791 1595 954 1646 custodem
987 1595 1171 1646 desiderat,
1199 1595 1298 1647 cujus
1328 1596 1391 1647 pia
1425 1609 1516 1648 pru-

231 1654 391 1705 dentique
412 1669 493 1692 cura
513 1656 725 1706 gubernetur.
744 1657 843 1696 Nam
869 1672 931 1704 ea,
954 1670 1027 1707 quae
1048 1657 1088 1692 de
1112 1657 1433 1708 rerumpublicarum
1455 1657 1515 1694 bo·

234 1714 293 1752 nis
328 1717 386 1753 M.
420 1718 582 1769 Agrippa
606 1718 811 1769 propofitit‚
850 1718 889 1756 in
926 1718 1039 1769 nostra
1079 1718 1189 1755 locum
1222 1718 1406 1766 habitura,
1441 1733 1513 1756 non.

234 1775 400 1827 existimo.
426 1779 486 1815 De
509 1778 607 1815 rebus
624 1779 883 1832 hominibusque
908 1796 977 1818 non
1002 1781 1134 1832 ignotis
1159 1782 1338 1833 loquimur.
1365 1783 1515 1834 antiqua,

231 1834 299 1873 illa
333 1838 536 1889 magnitudo
566 1839 701 1886 animi,
727 1840 934 1893 integritas,
959 1843 1119 1893 modestia
1150 1842 1233 1879 olim
1258 1843 1379 1896 amiffiz
1397 1844 1509 1895 sunt:

228 1911 294 1950 pro
330 1899 528 1939 innocentia
562 1901 713 1953 priorum
747 1915 954 1955 temporum,
980 1919 1044 1957 pro
1071 1917 1300 1957 paupertate,
1332 1907 1510 1958 patientia

231 1960 387 2011 laboris,
402 1964 634 2016 frugalitate,
660 1965 830 2012 ambitio,
852 1966 1022 2014 luxuria,
1047 1968 1244 2019 voluptates
1272 1968 1507 2007 invaluerunt„

231 2022 290 2061 his
318 2039 381 2076 pro
407 2025 447 2076 se
482 2027 620 2078 quisque
655 2029 812 2065 omnibus
841 2029 975 2066 viribus
1004 2030 1140 2082 fi’rvit,·
1175 2031 1263 2067 dum
1289 2031 1357 2067 lzaec
1396 2030 1507 2080 salva

225 2085 296 2136 fibi
321 2099 481 2125 maneant
496 2116 508 2134 ,
540 2088 632 2126 nihil
660 2101 866 2137 curaturus,
896 2090 1068 2142 quidquid
1092 2091 1282 2144 respublica
1311 2093 1431 2130 durum
1450 2091 1511 2129 in«

231 2144 436 2198 dignumque
461 2149 632 2200 patiatur.

285 2211 441 2255 XXXI.
473 2215 596 2266 Neque
623 2218 856 2255 tantummodo
887 2216 975 2255 tales
998 2218 1065 2269 ipfi
1086 2216 1200 2267 sunt‚·
1216 2218 1283 2270 sed
1309 2216 1514 2272 melioribus}¹

229 2270 423 2319 indociles,
447 2272 482 2313 6³
510 2276 644 2326 optima:
670 2278 789 2328 cuique
806 2279 1007 2329 sententia,
1030 2278 1067 2329 fi
1093 2278 1184 2314 vires
1211 2279 1357 2323 dentur,
1381 2278 1508 2315 adver-

229 2335 352 2385 faturi.
386 2337 442 2375 At
465 2336 528 2376 hoc
553 2337 692 2390 ingenio
718 2339 776 2390 qui
802 2341 911 2391 sunt,
941 2340 1006 2390 nist
1021 2338 1279 2391 prudentiorum
1309 2337 1507 2374 auctoritate

233 2395 493 2443 contineantur,
520 2399 623 2450 seque
655 2400 688 2437 6³
720 2400 812 2436 alios
837 2401 983 2438 celeriter
1011 2400 1185 2439 maximas
1221 2400 1257 2436 in
1287 2398 1505 2436 calamitates

234 2456 450 2509 majam-int„
481 2461 571 2499 Haec
608 2461 712 2515 igitur
747 2463 894 2501 maxime
921 2477 973 2500 res
1005 2476 1117 2515 cogere
1143 2473 1194 2510 te,
1227 2462 1365 2515 Caesar,
1386 2461 1513 2510 debelx
