1617 2963
230 217 327 275 204
394 191 1423 269 10.1=RE1NsHEM11svppt12M.

303 319 424 360 XCV.
468 319 647 358 Ceterum
691 333 807 360 nemo
845 334 930 360 vera
971 323 1136 372 proponi
1179 326 1396 373 putantium
1429 324 1511 366 haec

230 390 384 432 promte
410 380 652 430 excipiebat3
673 379 757 427 aliis
784 382 943 421 minime
968 384 1223 434 gaudentibus
1243 385 1317 425 hoc
1343 383 1513 436 consilio,

230 442 392 481 aliorum
425 442 607 492 gaudium
635 442 854 487 occultante
883 454 1016 485 metu:
1042 458 1163 496 neque
1189 446 1317 487 fictam
1345 447 1445 486 hanc
1460 457 1516 488 at·

229 518 306 555 que
330 505 543 544 fimulatam
572 507 796 546 modestiam
824 508 1154 557 existimantibus,
1177 511 1359 566 arguendi
1382 510 1517 550 volun-

227 571 285 603 tas
324 574 387 604 aut
412 561 555 606 fiducia
587 567 739 615 aderat·
775 570 948 608 omnium
973 568 1011 607 in
1042 569 1208 609 eundem
1236 557 1384 609 vultum
1419 570 1516 608 fimi-

225 625 358 677 lesque
394 637 508 666 voces
548 631 679 669 coac'ta
719 630 890 669 adulatio
924 630 985 670 est.
1028 631 1071 671 Et
1106 632 1319 671 orationem
1357 633 1515 683 quidem

224 685 408 727 laudabat
436 702 576 736 nemo,
601 703 704 739 pars,
728 692 816 741 quia
841 704 920 730 rem
951 705 1026 731 non
1055 692 1267 742 probabat3
1296 694 1437 741 ceteri,
1464 704 1514 731 ne

227 750 407 798 cupidius
433 750 618 800 accepiffe
635 751 869 793 viderentur.
894 752 1184 793 Tantummodo
1206 754 1427 804 frequenter
1450 753 1516 792 ad-

225 809 305 850 huc
337 813 512 852 recitanti
545 813 801 853 occlamatum
827 815 902 853 est:
931 816 967 854 ἃ
992 814 1059 854 ubi
1076 818 1291 866 peroravit,
1319 826 1513 856 certamen

226 873 500 914 obtestantium
531 876 627 924 fuit,
653 892 695 914 ne
719 877 987 929 rempublicam,
1012 891 1052 916 ut
1078 892 1167 915 unus
1191 880 1221 916 ei
1252 881 1353 916 reaor
1381 893 1515 916 munere

225 936 345 975 Deu‘m
378 938 543 984 oblatus,
571 939 771 990 destituerer.
805 938 935 979 Multa
970 941 1085 979 etiarn
1121 938 1254 991 passim
1290 948 1514 990 argumenta

223 995 467 1037 suadentium
495 998 811 1050 hortantiumque
838 1001 1137 1051 ingerebantur:
1171 1001 1306 1051 quibus
1337 1000 1513 1040 cumali·
1572 1036 1574 1039 .

225 1062 410 1111 quamdiu
442 1062 647 1111 restitisset,
690 1064 738 1103 ad
771 1073 983 1105 extremum
1018 1066 1238 1117 proditione
1270 1065 1334 1105 sua
1369 1065 1515 1116 vietus,

225 1121 435 1172 imperium
465 1124 628 1164 retinuit.
665 1125 778 1166 Tunc
807 1125 906 1165 inter
936 1141 1113 1179 magnam
1149 1128 1422 1179 gratulantium
1451 1128 1532 1168 lae-

223 1184 350 1224 titiam
383 1187 419 1225 &
445 1185 518 1225 alia
547 1187 726 1236 decreta,
761 1190 795 1228 St
832 1191 1021 1241 praecipue
1055 1192 1188 1242 duplex
1213 1193 1434 1243 praetorianis
1452 1193 1515 1243 fli-

223 1249 410 1301 pendium,
442 1264 508 1300 quo
542 1250 696 1289 alacrius
730 1265 793 1303 pro
818 1252 937 1303 [λικε
972 1253 1143 1304 principis
1172 1254 1390 1292 excubarent.
1431 1253 1516 1292 Hac

227 1319 308 1346 arte
343 1309 463 1349 Caesar
499 1311 698 1350 infamiam
736 1313 918 1362 potentiae
947 1313 1018 1353 suae
1056 1315 1246 1361 detraxit,
1282 1327 1325 1352 ur
1353 1314 1516 1353 volenti.

225 1370 297 1410 bus
326 1372 475 1422 postea,
497 1383 610 1423 atque
639 1376 755 1413 etiam
792 1374 1079 1416 obsecrantibus
1097 1408 1109 1426 ‚
1138 1378 1282 1416 invitus
1305 1376 1384 1428 ipse
1429 1376 1514 1415 otii-

227 1446 303 1483 que
325 1435 503 1485 cupidior
537 1437 730 1487 imperare
766 1438 972 1477 videretur.

283 1505 422 1546 XCVI.
456 1507 591 1557 Neque
626 1516 757 1547 tamen
792 1518 857 1548 aut
881 1522 940 1548 res
965 1510 1062 1549 adeo
1093 1509 1331 1549 incredibilis
1353 1510 1405 1549 est
1421 1541 1431 1558 ,
1448 1523 1514 1550 ex-

226 1567 378 1614 stitisse,
402 1570 466 1619 qui
491 1570 696 1620 pauciora,
725 1584 841 1622 quam
863 1572 1007 1624 poffet,
1030 1572 1163 1620 vellet3
1191 1575 1225 1612 &
1251 1586 1326 1622 prae
1359 1573 1396 1612 se
1420 1573 1516 1612 ferre

225 1628 482 1679 perseveravit
515 1630 615 1670 hanc
638 1631 875 1672 voluntatem
911 1633 1051 1683 Caesar,
1086 1634 1258 1684 plurimis
1291 1636 1402 1675 dietis
1428 1635 1514 1674 scri-

224 1691 387 1743 ptisque.
416 1693 516 1747 Nam
546 1696 582 1734 ἃ
612 1695 651 1734 in
675 1696 833 1745 epistola
866 1697 1032 1747 quadam
1049 1728 1060 1743 ,
1084 1697 1191 1735 otium
1212 1699 1314 1749 *suum
1339 1712 1407 1736 non
1433 1697 1516 1749 fore

223 1755 412 1805 dsgnitatis
435 1771 583 1808 expers,
611 1772 718 1809 neque
737 1759 846 1811 priori
872 1760 993 1812 gloriae
1021 1761 1265 1799 inconveniens
1300 1758 1511 1809 pollicitus,

222 1817 307 1855 haec
330 1817 409 1867 ipsa
435 1819 550 1859 verba
574 1820 720 1870 posuit:
735 1822 797 1871 sed
821 1823 883 1874 ista
903 1823 981 1871 fieri
998 1822 1209 1874 speciofius‚
1233 1835 1336 1876 quam
1352 1822 1508 1869 promitti

221 1877 383 1930 poffunt:
412 1894 461 1917 me
481 1878 612 1918 tamen*
631 1884 756 1933 cupido
785 1883 948 1935 temporis
977 1883 1176 1935 optatiffi'mi
1205 1882 1289 1919 mihi
1317 1883 1507 1934 provexit,

228 1953 290 1989 ut,
309 1955 504 1980 cumrerum
528 1942 654 1981 laetitia
684 1955 829 1982 moretur
864 1946 999 1992 adlzuc,
1019 1945 1220 1995 perciperem
1245 1945 1382 1995 aliquid
1404 1945 1512 1982 volu-

223 2004 339 2058 ptatis
358 2018 402 2041 ex
424 2005 600 2043 verborum
621 2005 813 2044 dulcedine.
840 2005 1022 2052 Interim,
1040 2005 1113 2043 five
1136 2014 1178 2044 ut
1195 2014 1338 2055 partem
1360 2007 1514 2046 invidiae

227 2063 470 2113 declinaret,
507 2065 580 2105 five
615 2075 659 2106 ut
705 2078 815 2107 curas
853 2066 1012 2115 levaret,
1052 2067 1226 2117 negavit,
1242 2067 1509 2120 sexprovincias

226 2141 343 2165 omnes
360 2127 531 2180 suscipere
562 2131 731 2182 regendas
740 2145 758 2178 ;
787 2142 850 2167 auc
879 2144 967 2182 quas
989 2129 1210 2183 sufiepzſjet,
1233 2131 1373 2168 retinere
1391 2144 1508 2182 perpe-

227 2200 290 2227 tuo
320 2190 425 2242 poffe.
449 2191 486 2229 in
512 2192 710 2231 decennium
739 2204 850 2231 tamen
877 2207 1012 2247 operam
1027 2193 1132 2245 fitam
1162 2192 1276 2246 offerre
1299 2194 1506 2245 reipublicae‚

227 2266 272 2289 ea
289 2265 402 2291 tamen
425 2253 520 2305 lege,
546 2266 584 2292 ut
599 2254 635 2304 st
658 2269 784 2308 pacare
810 2256 914 2293 citius
936 2255 1053 2293 omnia
1082 2254 1216 2306 βαθεῖ,
1241 2254 1383 2293 celerius
1414 2255 1444 2292 ei
1465 2255 1512 2292 li-

229 2324 315 2350 ceret
350 2313 444 2350 abire
476 2316 651 2367 potestate.
691 2315 823 2356 Divisis
855 2317 970 2366 igitur
993 2328 1082 2356 cum
1111 2315 1241 2355 senatu
1277 2316 1507 2367 provinciis,

229 2374 299 2413 fibi
328 2374 599 2426 inquietiores,
634 2377 671 2415 in
707 2378 845 2429 quibus
879 2377 979 2418 bella
1012 2386 1137 2426 erant,
1165 2387 1229 2417 aut
1256 2378 1512 2424 timebantur„

229 2438 392 2487 recepit;
423 2437 601 2489 ambigua
633 2439 901 2488 aestimatione,
932 2439 1151 2490 reipublicae
1180 2452 1268 2479 cura
1298 2439 1380 2479 haec
1408 2440 1508 2477 face„

233 2506 313 2548 tet,
336 2512 383 2537 an
408 2508 468 2552 ut,
486 2500 625 2542 relictis
648 2502 857 2544 inermibus
883 2505 916 2543 ἃ
939 2503 1136 2553 obnoxiis,
1160 2501 1346 2555 quidquid
1367 2500 1510 2552 ubique
