1617 2963
279 177 344 224 44
408 163 501 213 Jo.
552 161 1055 212 FRE1NSHEM11
1092 162 1452 213 SUPPLEM.

264 269 346 326 vjam
375 272 558 324 inciperent
582 270 844 324 persentiscere,
877 271 919 323 se
944 271 1094 317 tributa,
1123 283 1289 323 quotquot
1316 274 1445 311 indiera
1460 304 1470 321 ‚
1498 285 1562 312 nec

272 337 355 374 dum
369 337 550 389 perfidum
580 335 703 387 estem,
735 335 946 372 debitoribus
975 335 1156 382 remittere,
1184 333 1306 376 dixit:
1334 336 1477 388 itemque
1503 351 1562 375 ve·

271 397 415 451 Higalia
445 397 644 444 nonnulla,
670 398 705 436 δ’
731 398 894 435 mercedes
919 397 1188 435 habitationum.
1592 450 1595 453 ἢ

327 459 411 498 XL.
444 457 603 508 Accepit
626 465 756 496 tamen
782 469 828 496 ex
854 455 1064 496 honoribus
1079 487 1088 504 ,
1112 470 1150 495 ut
1171 472 1288 496 ovans
1307 453 1409 497 iniret
1431 460 1557 507 urbem,

267 520 306 559 δ’
334 535 456 559 annuet
476 521 650 572 fhlemnia
680 520 831 558 νὶἑῖονὶιε
849 520 948 571 st‘aes
973 534 1049 558 cum
1081 531 1206 557 aurata
1237 521 1356 571 statua
1382 523 1420 558 in
1445 521 1529 573 fiyro
1545 551 1558 570 ,

268 582 394 620 habim
415 581 641 634 triumphali,
671 581 890 634 cingentibus
914 581 1105 620 columnam
1120 581 1262 619 navium
1288 584 1426 633 rostris,
1449 585 1484 622 6»
1504 585 1558 621 in-

259 642 483 696 scriptionem
517 644 608 681 lzane
637 644 833 695 praeferente
866 643 958 693 basi:
987 653 1044 682 OB
1073 652 1232 681 PACEM
1270 653 1348 683 DIU
1380 654 1557 684 TURBA-

268 713 372 743 TAM
416 714 572 746 TERRA
614 714 829 749 MARIQUE
863 713 1072 743 PARTAM.
1114 702 1302 753 Ingressus
1331 704 1383 743 est
1419 705 1553 744 urbem

263 763 404 803 iterum
431 765 623 805 Triumvir
654 764 872 816 reipublicae
894 764 1166 806 constituendae
1192 765 1325 815 causa,
1355 778 1472 805 ovans
1504 779 1554 807 ex

262 826 414 877 Sicilia,
441 827 576 867 Idibus
612 827 825 867 Novembr.

329 888 432 929 XLI.
473 888 552 928 Sub
588 901 653 928 eos
683 888 791 935 dies,
825 887 1011 927 offerente
1040 889 1256 928 maximum
1287 888 1556 938 pontificatum

259 950 411 1001 populo
428 981 439 997 ‚
476 952 582 1002 quod
605 964 692 989 eum
713 950 833 990 adimi
860 950 952 989 vivo
991 950 1171 1000 cuiquam
1201 951 1418 989 inauditum
1450 962 1554 1000 erat,

260 1012 462 1054 recusavit.
507 1015 542 1052 &
583 1011 810 1062 quibusdam
844 1013 1013 1064 Lepidum
1037 1027 1102 1064 pro
1135 1014 1223 1065 hoste
1256 1012 1398 1065 publico
1435 1012 1551 1051 necari

259 1073 514 1123 jubentibus,
544 1073 839 1113 constantissime
874 1072 1018 1111 renisus
1045 1072 1106 1111 est.
1153 1074 1237 1114 Nec
1271 1074 1451 1122 deerant,
1487 1073 1553 1124 qui

261 1136 347 1176 haec
375 1136 482 1176 secus
520 1138 871 1187 interpretarentur.
907 1135 1006 1174 faeta
1037 1134 1145 1183 haze,
1184 1143 1226 1173 ut
1256 1135 1405 1185 Lepido
1437 1144 1553 1186 atque

257 1199 454 1247 Antonio,
475 1207 660 1248 tanquam
686 1198 826 1248 dispari
853 1198 1021 1246 praeditis
1051 1197 1232 1247 ingenio,
1253 1198 1464 1237 conflarent
1492 1198 1552 1236 in-

256 1262 428 1302 vidiam:
462 1275 587 1311 neque
614 1261 747 1311 sponte
773 1260 884 1299 fuiffe
914 1259 1137 1309 liberalem,
1164 1259 1229 1298 sed
1268 1261 1373 1310 quod
1395 1259 1497 1310 exigi
1529 1273 1549 1298 a

259 1323 528 1372 depauperatis
555 1323 702 1362 civibus
731 1335 809 1361 non
841 1322 1036 1373 potuerit,
1071 1321 1214 1360 donare
1244 1335 1360 1371 quam
1389 1322 1551 1371 perdere

257 1384 444 1424 maluisse.
470 1387 520 1425 At
542 1385 666 1425 Patres
693 1385 744 1423 ob
778 1383 969 1433 ejusmodi
994 1383 1302 1422 moderationem
1325 1383 1447 1421 multa
1482 1383 1549 1422 de-

254 1455 484 1486 creverunt:
514 1448 568 1484 uti
586 1446 830 1499 sacrosanblus
855 1447 1056 1493 haberetur,
1084 1446 1193 1497 &qui
1219 1460 1292 1485 eum
1316 1447 1442 1493 verbo,
1471 1446 1549 1497 qni-

252 1522 297 1547 ve
317 1506 416 1560 fhHo
444 1507 572 1560 laefiffit
588 1537 599 1556 ,
625 1510 742 1546 eadem
770 1522 874 1559 poena
899 1519 1086 1556 teneretur,
1109 1521 1152 1544 ac
1175 1508 1212 1558 st
1239 1508 1412 1545 tribunum
1432 1508 1548 1560 plebis

252 1568 485 1620 violavfflt,
509 1583 652 1621 quorum
685 1572 720 1608 δ’
742 1571 966 1622 potestatem,
998 1568 1033 1606 ὃ·
1058 1569 1097 1607 in
1121 1569 1305 1622 fitbselliis
1335 1584 1405 1608 una
1435 1571 1545 1621 consi-

252 1630 358 1667 dendi
382 1630 448 1682 jus
485 1631 520 1670 ei
551 1631 747 1670 dederant.

307 1693 430 1733 XLII.
473 1694 657 1733 Additum
691 1695 834 1742 etiam,
864 1694 918 1733 uti
942 1693 1115 1732 habitaret
1143 1693 1180 1731 in
1203 1692 1356 1744 puhlicis
1381 1692 1541 1741 aedibus,-

251 1754 453 1806 postquam
482 1756 708 1794 destinatam
731 1756 869 1794 domus
891 1768 1018 1794 aream
1041 1753 1179 1803 Apollo
1203 1753 1422 1792 vindicarat.
1451 1754 1542 1791 Plu-

251 1831 307 1854 res
337 1817 455 1855 etiam
484 1819 605 1856 domos
631 1830 699 1867 per
720 1825 984 1867 procuratores
1012 1815 1097 1854 suos
1126 1817 1163 1852 in
1189 1816 1360 1862 Palatio,
1389 1815 1455 1854 ubi
1476 1815 1543 1854 ha-

251 1877 373 1917 bitare
400 1879 646 1927 decreverat,
668 1879 822 1928 jusserat
840 1881 916 1919 emi.
945 1879 1020 1919 Sed
1051 1877 1216 1917 fulmine
1242 1879 1362 1916 taetus
1393 1877 1445 1915 est
1476 1876 1542 1916 lo-

250 1952 338 1988 cus,
364 1940 718 1992 responderuntque
741 1940 983 1992 haruspices,
1004 1954 1076 1979 eum
1095 1956 1118 1978 a
1134 1941 1215 1978 Deo
1237 1940 1428 1990 defiderari.
1454 1940 1539 1978 Nec

249 2001 311 2041 his
342 2004 513 2042 contenti
548 2004 695 2053 Patres,
725 2003 765 2042 in
791 2003 999 2054 Agrippam
1027 2014 1203 2052 quoque,
1237 2014 1351 2050 quem
1379 2001 1539 2051 gratilli-

224 2061 358 2103 'mum
390 2064 524 2104 Caesari
561 2065 772 2113 videbant,
806 2064 912 2104 versa
950 2064 1224 2110 veneratione,
1259 2063 1535 2112 decreverunt,

249 2127 324 2173 uti,
346 2127 479 2178 quoties
500 2127 634 2179 aliquis
656 2126 873 2181 triumphans
896 2143 971 2167 cum
1000 2141 1126 2166 corona
1153 2127 1271 2165 laurea
1292 2126 1532 2174 inveheretur,

246 2187 309 2226 ille
330 2200 502 2240 acceptam
521 2204 544 2226 a
574 2189 702 2241 Caeſszre
734 2188 896 2226 navalem
912 2190 1065 2242 gestaret.
1102 2188 1206 2227 Inter
1230 2187 1312 2225 haec
1334 2185 1530 2227 Valerium

245 2248 489 2297 Messallam,
523 2258 680 2300 propter
710 2259 887 2290 navatam
923 2263 969 2290 eo
1000 2249 1102 2289 bello
1132 2261 1314 2300 operam,
1346 2261 1530 2299 augurem

294 2375 317 2418 5
342 2374 499 2408 XXXIX.
521 2375 665 2419 AP11an
688 2375 767 2408 Dio.
795 2377 816 2419 §
841 2377 911 2409 XL.
937 2377 1018 2409 Dio
1042 2378 1186 2420 Appian.
1220 2376 1361 2409 casaub.
1384 2376 1418 2407 in
1439 2377 1523 2408 Sue-

245 2425 321 2452 ton.
353 2421 438 2463 Aug.
465 2432 494 2453 c.
523 2432 578 2453 22.
604 2420 752 2463 Capitol.
783 2422 942 2466 triumph.
975 2422 1109 2467 §XLL
1132 2424 1275 2455 Sueten.
1310 2425 1344 2454 in
1370 2420 1457 2465 Aug.
1492 2431 1524 2455 c.

250 2472 306 2504 3¹·
329 2464 474 2508 Appian.
493 2464 575 2497 Dio.
602 2463 704 2499 Oros.
725 2467 766 2507 6,
795 2467 846 2501 ιδ,
