1617 2963
283 151 362 215 58,
438 151 532 200 ιο.
573 146 1072 198 FREINSHEMII
1113 148 1465 200 ευΡΡιΕΜε

280 260 405 299 ditum
431 259 494 298 est.
533 258 610 298 Sed
639 269 687 295 ne
714 256 763 295 fic
793 256 947 307 quidem
985 255 1222 297 miseriarum
1249 257 1358 305 finis,
1395 255 1557 298 accessio

276 323 372 371 quin
400 323 521 360 immo
553 319 637 358 fuit.
669 317 910 358 Salinacidas
945 319 1048 357 enim
1080 331 1198 368 aquas
1222 320 1344 357 amnis
1368 318 1558 366 vehebat,

271 397 358 433 quae
387 390 485 432 potae.
508 378 745 420 stomachum
772 379 1044 420 exulcerabant
1070 381 1222 429 dolore,
1254 382 1428 432 sitimque
1451 381 1555 420 ultro

271 445 637 495 adaugebant.yNec
659 443 861 494 ignorabat
888 443 969 483 haec
995 443 1163 492 Marsus,
1188 454 1252 482 aut
1273 457 1431 483 monere
1449 444 1562 483 omit-

272 505 392 545 tebat.
428 506 505 545 Sed
541 505 778 555 impatientia
814 505 889 543 sitis
921 506 1048 545 vicit:
1088 518 1213 556 neque
1248 506 1406 555 praesens
1441 503 1563 544 mole-

270 568 340 607 :stia
364 567 507 606 sinebat
535 580 692 615 curare,
718 576 785 606 aut
814 575 981 606 metuere
1008 568 1196 615 futurarm
1223 569 1348 606 donec
1374 568 1560 607 Antonius

270 629 471 678 rogando,
493 628 749 678 docendoque
763 660 774 676 ‚
795 643 863 665 non
881 629 981 681 longe
994 631 1126 680 flumen
1151 628 1258 681 abeffe
1276 631 1480 682 salubrius,
1506 640 1562 666 at-

271 703 336 741 que
363 690 455 728 ultra
479 690 575 728 viam
597 691 752 742 asperam
769 721 779 736 ‚
811 690 870 726 uhi
894 689 1073 741 neceffim‘o
1090 691 1199 741 finem
1226 690 1427 742 insequendi
1442 689 1563 741 facere

269 753 430 790 Partho-s
460 763 655 804 oporteret3
689 766 730 789 ne
756 753 864 804 igitur
894 752 937 790 ob
970 752 1149 790 tantillam
1179 753 1391 804 voluptatem
1419 765 1489 790 tam
1521 752 1562 789 in

265 814 461 867 propinquo
475 816 582 866 fitam
592 814 688 866 spem
710 813 964 852 incolumitatis
976 826 1222 867 corrumperent
1235 829 1252 861 ;
1272 814 1463 864 permovit
1476 826 1562 862 eos,
1587 852 1589 854 ,

270 883 341 924 ut,
370 877 535 916 coercita
566 875 726 926 potandi
752 874 948 923 lubidine,
974 875 1089 913 castra
1120 883 1362 925 ponerentur,

323 943 456 984 XXII.
485 944 569 992 Jam
593 945 627 983 ὃς
648 942 773 982 Parthi
800 957 848 982 ex
879 956 985 982 more
1022 943 1270 992 recesserant,
1296 957 1387 985 cum
1416 946 1557 987 iterum

268 1003 518 1046 Mithridates
549 1003 681 1052 affuit,
697 1005 774 1058 post
793 1005 960 1044 modicam
989 1006 1132 1058 quietem
1152 1008 1330 1059 properari
1354 1007 1492 1056 jubens
1509 1009 1561 1047 ad

265 1068 467 1120 proximum
496 1066 735 1117 trajiciendum
767 1081 923 1106 amnem:
953 1083 1012 1105 nec
1035 1067 1175 1120 longius
1201 1069 1355 1105 Parthos
1368 1070 1563 1120 secuturos.

271 1127 415 1166 Contra
448 1128 636 1167 Antonius
662 1140 774 1167 aurea
798 1127 852 1166 illi
878 1128 960 1166 vasa
990 1130 1269 1179 quamplurima
1305 1131 1409 1169 dono
1436 1130 1557 1169 misit:

270 1202 319 1228 ex
335 1189 472 1239 quibus
499 1189 586 1238 ille,
608 1198 799 1240 quotquot
821 1190 1013 1229 occultare
1035 1191 1133 1229 veste
1156 1200 1327 1241 poterat,
1353 1191 1480 1231 secum
1496 1191 1562 1230 ab·

269 1249 385 1290 stulit.
420 1251 599 1289 Ceterum
629 1251 698 1289 iter
719 1254 801 1300 ejus
827 1252 903 1290 diei
933 1253 1105 1302 quietum
1132 1253 1231 1292 fuit:
1258 1252 1321 1291 sed
1350 1265 1429 1291 nox
1456 1252 1560 1290 inse-

268 1325 390 1362 quens
418 1321 601 1352 terrorem
638 1312 775 1352 habuit
798 1314 1036 1362 maximum,
1064 1314 1148 1364 ipfis
1175 1315 1361 1354 militibus
1389 1316 1560 1353 auctori-

271 1375 367 1424 bus,
387 1377 450 1426 qui
473 1376 606 1426 paffim
630 1377 864 1416 occidebant
892 1377 1183 1428 spoliabantque
1213 1391 1302 1426 eos,
1327 1390 1443 1428 penes
1462 1383 1561 1427 quos

270 1448 407 1476 aurum
434 1439 469 1478 ἃ
495 1447 697 1490 argentum
726 1438 798 1477 effe
821 1438 1018 1488 sciebant3
1043 1439 1353 1489 diripiebantque
1376 1441 1560 1490 pecunias

267 1499 455 1548 Antonii,
484 1501 520 1539 &
558 1510 759 1550 argentum
789 1504 870 1549 ejus
907 1502 1051 1540 facium
1086 1501 1345 1540 concidebant
1381 1500 1560 1539 dolabris.

268 1561 371 1601 Tum
395 1574 485 1599 vero
507 1571 703 1611 correptus
727 1562 862 1602 ultima
884 1562 1170 1613 desperatione,
1196 1562 1261 1612 qui
1284 1561 1448 1601 hostiurn
1474 1574 1561 1601 eam

265 1623 521 1673 irruptionem
561 1624 633 1663 effe
671 1625 906 1673 crediderat,
944 1624 1165 1664 Rhamnum
1202 1624 1382 1663 libertum
1418 1624 1557 1671 suum,

270 1685 335 1735 qui
363 1685 486 1724 fuerat
524 1686 734 1737 gladiator,
767 1689 889 1734 iurare
924 1688 1077 1738 coegit,
1104 1686 1278 1740 confestim
1313 1699 1450 1726 mortem
1479 1686 1562 1725 illa-

271 1759 405 1794 turum,
421 1747 481 1784 ubi
502 1746 614 1800 juffits
637 1748 737 1800 fft,
760 1749 1023 1801 ablaturumque
1042 1760 1168 1801 caput,
1191 1761 1239 1786 ne
1262 1757 1327 1786 aut
1346 1748 1453 1786 vivus
1474 1759 1561 1797 per-

269 1809 417 1848 veniret
441 1809 480 1847 in
507 1810 731 1859 potestatem
759 1809 947 1857 hostium,
977 1818 1043 1849 aut
1076 1818 1249 1849 mortuus
1280 1810 1559 1861 agnosceretur.
1584 1851 1594 1855 ,

335 1879 487 1920 XXIII.
529 1880 633 1920 Inter
666 1881 747 1920 haec
778 1882 910 1920 amicis
947 1881 1301 1932 complorantibus,
1333 1882 1414 1921 dux
1439 1882 1560 1920 itine-

270 1943 343 1991 ris,
368 1942 577 1983 suaviorem
601 1947 636 1983 δε
664 1944 920 1984 humidiorem
948 1957 1078 1986 auram
1105 1945 1292 1992 sentiens,
1322 1946 1420 1983 haud
1438 1945 1563 1997 procul

272 2004 382 2057 abeffie
407 2004 618 2057 miseriarum
638 2006 747 2056 finem
771 2006 1086 2058 docuit,flumine
1105 2008 1246 2046 vicino.-
1268 2006 1375 2045 simul
1403 2005 1561 2045 allatum

271 2066 349 2113 est,
375 2067 557 2105 tumultum
580 2082 597 2104 e
622 2067 768 2105 militari
802 2068 945 2106 licentia
975 2080 1096 2106 natum
1126 2067 1200 2119 effi.
1230 2067 1349 2118 Igitur
1375 2067 1423 2106 ad
1455 2066 1559 2106 hunc

269 2128 534 2168 cohibendum
557 2129 894 2168 castrametationis
921 2129 1003 2168 dari
1027 2130 1171 2180 iignum
1200 2129 1316 2178 juffit.
1350 2129 1451 2168 Dum
1475 2136 1558 2167 ten-

267 2189 366 2228 toria
396 2189 585 2240 figuntur,
607 2188 715 2228 fimul
737 2202 825 2228 cum
855 2190 1002 2228 oriente
1030 2191 1092 2228 die
1115 2189 1242 2229 Parthi
1267 2189 1467 2228 affuerunt.
1494 2188 1559 2229 ld-

267 2251 370 2290 circo
406 2251 499 2290 ficut
536 2252 662 2290 fuerat
694 2251 948 2301 superioribus
973 2252 1106 2291 diebus
1133 2251 1276 2290 facium
1295 2283 1305 2299 ,
1329 2252 1469 2290 iterum>
1496 2258 1557 2289 te·

270 2312 417 2352 studine
455 2313 492 2353 se
529 2315 728 2355 Romanus
773 2314 887 2363 texit,
920 2315 1043 2354 donec
1078 2315 1133 2353 vis
1171 2315 1294 2363 major
1326 2312 1558 2364 praeterisset.

318 2446 342 2491 5
369 2447 461 2481 XXI.
491 2448 641 2494 Appian.
667 2448 755 2482 Plut.
780 2449 868 2484 Flor.
896 2449 918 2494 5
939 2450 1049 2483 XXII.
1072 2448 1217 2493 Appian.
1239 2449 1328 2482 Plut.
1349 2448 1441 2481 Flor-
