1617 2963
207 162 292 209 IN
326 162 677 210 LOC.LIB.
710 162 914 211 CXXIX
954 162 1107 210 LIV.
1250 171 1313 226 29

29 279 81 318 pa
113 266 238 318 plures
273 270 307 308 ἃ
345 268 528 308 firmiores
566 266 756 306 habebat:
793 269 828 306 δε
857 266 973 306 robur
1008 265 1205 307 Caesariani
1241 269 1311 306 mi-

27 329 106 369 litis
145 331 372 381 adaequabat
411 328 731 377 Pompejanorum
769 327 992 378 desperatio.
1027 328 1180 378 fugitivi
1205 331 1311 370 enim

27 391 199 441 plerique
225 400 351 438 erant,
379 389 541 440 quibus,
565 387 591 427 fi
621 398 941 438 caperentur,„ne
965 389 1123 441 simplex
1149 392 1310 442 quidem

27 450 167 500 sperari
199 464 300 490 mors
335 458 493 501 poterat.

99 522 201 562 VIII.
256 519 523 562 Memorabilis
556 519 594 557 in
632 518 708 557 hoc
742 518 878 569 proelio
912 519 1018 559 casus
1058 521 1170 561 unius
1205 522 1312 562 navis

24 581 124 630 fuit,
152 596 265 632 quam
302 582 469 632 Agrippa
510 594 586 631 prae
627 581 762 620 ceteris
800 581 981 631 petebat,
1020 584 1125 632 quod
1160 597 1203 622 ea
1236 584 1312 624 Pa-

25 646 129 695 piam
155 645 285 685 invehi
321 655 574 694 cognoverat3
604 645 838 694 incurritque
870 646 1017 694 impetu
1046 653 1125 684 tam
1162 647 1309 687 violen-

25 717 93 757 to,
121 718 184 757 ut,
212 721 320 759 prora
342 707 528 755 discussa,
551 706 718 745 carinam
756 705 940 756 aperiret,
971 708 1005 745 δι’.
1032 707 1096 756 qui
1129 707 1167 745 in
1200 708 1309 747 turri-

23 768 96 809 bus
121 772 202 819 ejus
229 770 499 819 constiterant,
522 770 561 808 in
591 782 694 808 mare
720 777 1004 808 excuterentur.
1038 769 1157 819 Igitur
1185 771 1219 809 Sc
1244 784 1312 811 na..

22 845 132 881 vem,
160 846 255 883 aqua
282 833 439 884 copiosa
473 832 630 872 admissa
651 862 661 880 ,
684 832 857 870 celeriter
887 830 1041 878 mersit,
1070 844 1158 870 cum
1185 832 1310 873 thala-

19 895 126 933 mitis
137 925 147 943 ,
167 896 239 948 (fic
253 895 492 946 appellantur
509 895 655 933 ordinis
672 894 740 932 imi
757 895 935 944 remiges:
948 893 965 947 )
980 892 1094 932 ceteri
1108 923 1118 940 ,
1134 893 1307 934 tabulato

20 957 232 1007 perfrat‘to,
254 966 466 996 enatarunt.
503 957 548 996 Et
576 956 704 1005 Papias
732 957 771 994 in
798 957 1016 1006 proximam
1039 967 1176 993 navem
1205 968 1310 995 rece.

19 1029 134 1070 ptus,
165 1032 333 1069 pugnam
369 1019 533 1069 repetiit.
577 1017 899 1067 Pompejanorum
927 1017 1028 1056 enim
1054 1015 1202 1065 scaphae
1227 1017 1308 1068 pas-

18 1080 86 1120 sim
123 1081 377 1130 oberrabant,
412 1081 550 1131 quibus
579 1080 842 1130 exciperentur
876 1087 1041 1126 nantes,
1075 1080 1204 1119 frac‘tis
1239 1089 1307 1118 aut

18 1145 159 1184 amissis
191 1144 364 1184 navibus.
403 1145 503 1184 Nam
530 1145 565 1182 ἅ
598 1143 754 1193 integrae
788 1139 1126 1191 relinquebantur,
1156 1143 1308 1191 quoties

17 1205 149 1246 ferreis
181 1207 358 1246 manibus
388 1203 672 1255 comprehensae
704 1204 861 1243 defendi
888 1202 1065 1243 adversus
1098 1211 1205 1242 tanto
1233 1217 1307 1249 vae

16 1265 174 1307 lidiores
200 1282 280 1307 non
302 1276 490 1318 poterant.

84 1338 154 1379 IX.
184 1339 332 1379 Idcirco
353 1339 581 1389 pompejus,
609 1349 656 1377 ex
678 1337 785 1376 edito
809 1334 897 1374 loco
926 1333 1193 1385 conspicatus,
1218 1348 1302 1386 quae

15 1399 176 1447 fierent,
209 1401 353 1451 signum
390 1400 560 1451 receptui
590 1399 718 1445 dedit,
753 1399 833 1447 jam
860 1395 1194 1446 advesperascente
1225 1397 1300 1436 die„

15 1463 490 1513 redieruntque,servatis
512 1461 738 1507 ordinibus,
765 1460 812 1498 ad
836 1458 946 1497 litora
973 1471 1050 1496 non
1078 1457 1205 1507 aspera
1232 1468 1300 1497 aut

13 1524 171 1572 saxosa,
200 1525 265 1563 sed
301 1538 384 1575 quae
410 1524 532 1563 multo
571 1536 685 1561 coeno
715 1520 850 1560 limosa
879 1527 1011 1566 erant,
1037 1519 1297 1570 applicantes:

14 1587 180 1637 Agrippa
205 1600 292 1626 curn
311 1595 485 1637 cuperet,
511 1585 656 1634 insequi
682 1598 762 1623 non
786 1584 940 1634 potuit,
960 1595 1008 1621 ne
1031 1595 1118 1622 cum
1147 1584 1297 1633 magnis

13 1647 89 1688 fuis
111 1650 272 1689 navibus
307 1651 346 1689 in
379 1650 509 1689 brevia
541 1648 793 1689 delaberetur.
826 1647 991 1692 idcirco,
1016 1646 1124 1695 Jactis
1149 1647 1188 1684 in
1217 1646 1297 1685 alto

10 1712 160 1752 ancoris
173 1720 187 1761 '‘,
217 1712 406 1760 substitit,
434 1708 616 1762 tanquan]
646 1712 783 1750 iterum
813 1709 1009 1748 invasurus
1035 1709 1095 1748 vel
1125 1722 1192 1759 per
1220 1723 1299 1749 no·—

13 1775 112 1814 erem
138 1787 148 1814 ε
171 1774 235 1814 sed
257 1775 505 1814 monentibus
536 1774 694 1821 amicis,
724 1788 766 1810 ne
791 1772 932 1810 militem
954 1772 1074 1810 nimiis
1097 1772 1237 1824 vigiliis
1259 1773 1296 1811 δ’

10 1836 187 1876 laboribus
219 1838 440 1888 debilitaret,
477 1852 557 1876 neve
593 1836 736 1874 nimium
774 1835 917 1872 crederet
948 1833 1058 1883 infido
1089 1834 1200 1881 mari,
1231 1833 1296 1873 vix

9 1899 168 1939 tandem
191 1899 228 1939 se
259 1900 415 1950 recepit.
446 1901 566 1947 Sunt,
596 1899 662 1949 qui
688 1897 847 1943 dicant,
870 1895 1015 1946 Caesaris
1040 1895 1212 1932 invidiam
1232 1911 1297 1934 ve-

8 1963 137 2011 ritum,
164 1962 337 2014 absolvere
359 1963 535 2001 vibloriam
559 1960 713 2012 noluzffi.
734 1958 808 1999 Sed
834 1959 870 1997 ἃ
898 1957 1024 1996 dicere
1050 1955 1202 1996 solitum
1234 1958 1294 1995 in-

9 2029 70 2063 ter
99 2024 432 2073 familiariffimos,
460 2027 650 2078 fecundum
688 2023 798 2061 locum
833 2022 1025 2061 tenentibus
1053 2033 1178 2071 magna
1206 2034 1295 2073 pru-

10 2087 130 2123 dentia
158 2101 246 2139 opus
275 2087 365 2140 effe3
399 2086 487 2126 velle
519 2087 606 2124 etzim
631 2097 857 2138 praepotentes
891 2083 1069 2121 laboribus
1097 2084 1131 2121 δ’
1153 2084 1294 2135 pericu-

10 2147 60 2185 lis
86 2162 198 2185 eorum
229 2149 386 2187 maxima
415 2145 600 2200 consequi,
625 2148 694 2199 sed
718 2146 781 2182 lzoc
798 2144 886 2196 fiiri
919 2145 1076 2196 credique
1105 2142 1149 2180 ab
1178 2143 1292 2180 homi-

10 2210 115 2248 nibus
154 2210 274 2257 nolle;
307 2211 459 2253 dandam
485 2210 593 2261 igitur
620 2208 682 2259 effi
713 2220 876 2260 operam,
906 2217 944 2243 ut
973 2205 1197 2258 perficiendis
1230 2206 1291 2241 in-

7 2271 172 2325 gentibus
209 2270 366 2322 operibus
391 2271 525 2322 strenue
558 2269 745 2321 desudent,
774 2265 994 2319 perfiblorum
1028 2265 1132 2304 titulo
1166 2266 1288 2318 cupide

0 2332 222 2387 fillerterque
246 2331 382 2369 cedant.

54 2457 80 2504 5
104 2457 182 2496 VII.
203 2456 348 2504 Appiam
375 2455 456 2493 Dio.
476 2454 498 2502 5
517 2454 611 2493 vm.
634 2455 781 2500 Appian.
806 2452 889 2491 Dio.
910 2453 933 2499 S
955 2451 1013 2487 IX.
1030 2449 1177 2496 Appiam.
1199 2448 1284 2493 Dior
