1617 2963
217 193 300 241 ΙΝ
339 194 514 242 LOC.
548 194 682 241 LIB.
725 194 952 243 CXXXII
995 196 1122 244 LIV.
1243 209 1332 245 111'

58 303 182 355 nefque
199 303 418 342 &AEmilios
439 314 551 354 putem
565 317 581 349 ;
597 303 664 353 βό
681 302 784 339 etiam
805 304 977 354 Pyrrhum
990 334 1000 352 ,
1014 305 1048 344 6²
1068 318 1143 343 cum
1165 305 1336 359 Philippo

57 379 219 416 magnum
251 365 485 409 Antiochum,
514 364 547 400 ἃ
575 362 773 411 clat‘ffrnos
808 364 987 402 Poenorum
1012 367 1184 418 principes
1224 369 1338 405 erube·

51 428 170 480 scere,
189 429 227 478 fi
245 427 412 464 mulierem
447 426 665 476 AEgyptiam
699 425 899 476 intelligant
923 441 997 466 cum
1030 429 1087 464 his
1112 432 1338 479 contendere,

59 504 198 541 quorum
222 505 245 527 a
272 488 460 540 majoribus
491 487 583 525 tanti
621 487 687 539 ipsi
710 500 802 538 reges
828 490 1104 543 imperatoresque
1131 493 1215 530 vitii
1235 495 1334 546 sunt.

59 552 183 602 Neque
197 565 276 588 vero
299 550 409 587 meriti
428 550 517 587 hanc
543 548 767 601 ignominiam
785 548 930 599 sumus,
944 552 1067 602 quibus
1090 552 1216 592 Gallia
1229 554 1337 605 fitba-

60 615 136 661 fla,
175 614 298 665 quibus
339 614 532 652 Pannones
568 613 618 649 ad
647 612 765 663 Istrum
796 611 899 663 ufilue
935 614 1080 660 domiti,
1115 616 1342 668 transitusque

60 673 229 721 Rhenus,
243 672 277 710 ὅ)
301 674 338 711 in
361 671 587 712 Britanniam
608 670 738 723 trajeHi
765 672 958 717 exercitus,
971 672 1066 724 satis
1089 674 1234 727 illustria
1255 677 1342 729 testi..

60 735 178 772 monia
195 735 306 785 fitnt,
328 734 422 772 nihil
441 748 507 772 nos
530 749 552 772 a
573 734 726 787 priorum
747 734 874 772 virtute
898 734 1064 786 defeciffe.

124 804 297 845 XLVIII.
337 804 433 842 Prolz
463 805 562 842 Deos
592 803 823 841 immortales!
861 804 991 841 adeone
1024 817 1090 841 nos
1119 820 1141 842 a
1170 805 1341 856 viliffimis

61 868 256 906 hominihus
283 866 438 919 despici,
465 878 505 903 ut
530 866 575 903 ab
611 866 803 917 AEgyptiis
832 866 867 903 ὃ»
889 865 1152 903 Alexandrinis
1174 880 1342 918 provoce-

61 933 167 970 mur?
199 930 301 982 Quid
318 930 406 967 enim
432 930 482 967 ad
506 928 759 981 exprimendam
780 928 915 978 istorum
943 927 1119 966 mollitiem
1146 929 1343 981 ignaviam-

61 1008 124 1045 que
151 993 219 1030 dici
245 993 361 1030 verius
380 1004 442 1030 aut
465 991 645 1044 expreſjius
669 992 802 1043 potest?
827 990 883 1028 Hi
913 991 1021 1042 igitur
1046 991 1241 1028 mortalium
1266 1003 1343 1029 tur·
1368 1031 1372 1035 ,

54 1054 181 1106 piffi'mi
193 1054 300 1104 stmul
323 1066 424 1105 atque
448 1052 653 1103 inertissimi,
675 1053 734 1104 qui
756 1064 852 1090 tanta
869 1054 954 1104 sunt
980 1052 1159 1098 vecordia,
1180 1065 1218 1089 ut
1240 1055 1346 1105 repti=

61 1114 113 1152 lia
142 1113 301 1167 ferasque
333 1115 438 1152 colere
455 1128 519 1165 pro
542 1114 632 1151 Diis
656 1111 809 1165 poffint‚·
836 1114 895 1164 qui
919 1113 1119 1151 condiendis
1145 1115 1347 1166 corporibus

61 1176 338 1215 immortalitatis
367 1175 526 1228 affit‘lant
551 1175 654 1212 inane
680 1175 884 1221 ludibrium,
911 1189 1012 1226 quam
1043 1175 1087 1213 ab
1115 1175 1242 1212 animis
1261 1175 1342 1227 suis

54 1238 219 1292 gestisque
238 1239 375 1290 sperare
398 1251 469 1276 non
499 1238 658 1283 audent;
678 1236 737 1288 qui
755 1235 912 1288 semper,
945 1247 983 1273 ut
1002 1238 1052 1274 ad
1074 1250 1127 1274 res
1151 1238 1341 1274 novandas

59 1301 203 1339 levitate
230 1300 448 1353 praecipites,
481 1300 534 1337 ita
559 1300 608 1338 ad
637 1299 806 1352 gerendas
834 1312 905 1351 prce
933 1297 1121 1336 timiditate
1150 1297 1345 1351 inepttffi’mi

52 1362 220 1415 ficerunt:
244 1362 281 1398 ln·
297 1390 308 1409 ,
336 1362 476 1413 inquam
493 1391 508 1408 ,
538 1361 718 1412 procedere
744 1359 783 1397 in
808 1360 1014 1411 conspet‘lum
1041 1360 1205 1412 nostrum,
1237 1361 1346 1412 osten-

61 1423 135 1461 dere
171 1435 267 1459 arma
298 1423 389 1474 sua,
416 1422 612 1474 exspellare
645 1421 754 1472 nostra
784 1420 964 1472 sustinent.
1005 1421 1227 1471 Quamquam
1261 1421 1347 1471 quid

60 1498 121 1537 ego
156 1485 272 1522 horum
309 1483 493 1522 amentiam
522 1483 747 1534 reprehendo,
773 1494 844 1533 quae
871 1495 930 1532 per
955 1480 994 1532 βξ
1020 1481 1131 1532 filcile
1163 1482 1346 1533 quietura,

60 1548 240 1600 nostrorum
255 1546 370 1598 fatali
395 1547 543 1597 quodam
567 1544 686 1595 furore
710 1543 920 1595 stimulatur.
949 1543 1129 1579 Romanas
1156 1542 1233 1592 illi,
1251 1543 1342 1595 proli

55 1610 199 1662 pudor!
233 1610 415 1646 Romanas
447 1608 623 1644 intuentur
656 1619 803 1654 manus,
827 1604 1110 1643 commilitiones!

129 1677 270 1717 XLIX.
312 1676 430 1729 Nostri
461 1678 592 1728 generis
618 1675 772 1712 homines
802 1676 926 1727 reginae
946 1675 1021 1726 suae
1050 1672 1237 1726 stipatores
1261 1688 1342 1713 con-

57 1741 235 1794 spiciunt:
259 1738 341 1776 hinc
365 1737 495 1789 equites
521 1738 726 1783 Romanos,
749 1737 829 1774 hinc
847 1737 1026 1788 senatores
1047 1736 1241 1787 spadonum
1267 1751 1342 1775 eant

60 1804 199 1843 vilitate
226 1801 376 1840 adulari.
414 1801 516 1852 Quid
538 1802 631 1852 quod
660 1801 718 1839 M.
747 1799 945 1839 Antonium
981 1799 1036 1836 bis
1068 1799 1255 1850 confidem,
1272 1801 1343 1853 fle«-

55 1867 141 1918 pius
170 1865 422 1916 imperatorem,
460 1863 654 1914 reipublicae
690 1862 930 1914 constituenda:
969 1861 1054 1900 mihi
1088 1863 1208 1900 datum
1237 1863 1342 1901 colle.

59 1944 161 1981 gam,
188 1939 237 1966 tot
271 1940 378 1966 terras
408 1927 573 1978 imperio,
604 1938 655 1963 tot
687 1928 857 1964 exercitus
892 1926 1098 1964 obtinentem
1131 1941 1153 1963 a
1187 1927 1339 1965 moribus

60 1992 181 2043 nostris
207 1989 382 2043 desciwſje
413 1990 555 2037 vident,
593 2002 787 2040 omnemque
819 1989 854 2027 6³
878 1988 1013 2026 natalis
1036 1987 1107 2040 soli
1133 1988 1342 2037 caritatem,

60 2056 96 2094 δ’
120 2054 312 2106 patriorum
344 2053 521 2092 numinum
552 2053 773 2090 reverentiam
804 2049 985 2103 abjuraffe.
1035 2051 1177 2088 Etenim
1200 2052 1237 2101 fi
1258 2052 1339 2104 quis

49 2115 141 2166 forte
166 2116 307 2167 vestrum
333 2116 398 2168 est,
423 2115 484 2167 qui
510 2114 596 2152 aliis
629 2114 822 2152 aubloribus
850 2126 972 2164 parum
998 2112 1145 2150 credidit
1160 2141 1171 2160 ,
1189 2112 1339 2164 scitote,

60 2181 119 2218 M.
163 2179 314 2216 Antonii
337 2178 432 2231 juffit
475 2179 510 2217 δ’
545 2177 696 2229 exemplo
730 2190 796 2228 pro
827 2176 913 2226 Ifide
941 2186 1002 2214 aut
1036 2175 1167 2213 Diana
1199 2173 1342 2212 adorari

61 2243 273 2293 Cleopatram
282 2257 300 2288 ;
322 2242 484 2280 Antonio
505 2241 699 2292 imponente
713 2270 726 2285 ,
753 2250 860 2276 natos
885 2237 960 2290 ejus
987 2237 1083 2275 Solis
1105 2250 1206 2289 atque
1228 2238 1339 2275 Lunae

53 2304 144 2354 ferre
166 2304 308 2341 nomina
319 2318 336 2349 ,·
351 2303 545 2341 Antonium
572 2301 629 2338 his
652 2299 875 2353 ampliffi'mas
893 2299 1053 2351 insulas,
1076 2312 1236 2351 magnam
1258 2312 1341 2337 con—

61 2364 204 2403 tinentis
225 2375 380 2417 partem,
408 2375 574 2414 tanquam
603 2363 779 2413 privatum
803 2361 1050 2414 patrimonium
1077 2358 1288 2413 distribuisti-⁷.

115 2435 157 2475 L.
187 2435 339 2488 Etiamsi
368 2435 542 2485 certiffima
564 2436 648 2487 sunt
685 2435 753 2474 haec
783 2446 884 2485 atque
909 2432 1187 2486 compertiffima,
1212 2431 1341 2469 credere

47 2498 298 2537 semianimus
332 2497 482 2551 ignosco.
513 2497 584 2536 ‘Sed
618 2496 730 2535 eadem
755 2493 956 2548 facinorum
990 2493 1220 2546 magnitudo,
1236 2490 1342 2543 sicuti
