1617 2963
200 217 299 266 {IN
342 217 510 263 LOC.
551 213 688 262 Lrss..
726 212 978 261 CXXXIV
1027 213 1164 261 LIV.
1256 229 1348 279 195·

67 327 104 366 ἃ
141 339 190 365 ne
219 326 267 365 sic
301 325 458 376 quidem
493 322 696 362 admiffum
732 334 966 372 quemquam
998 321 1239 372 senatorum,
1277 326 1346 366 nisa

67 384 203 433 simul,
225 390 260 426 8(
283 383 434 426 excussa
457 385 582 431 veste,
612 396 659 421 ne
687 384 830 422 ferrum
855 383 1122 422 occultaretur.
1151 385 1348 436 Quinqua„

72 450 177 499 ginta
202 449 287 487 viris
312 447 526 499 persuasum
554 445 627 493 est,
663 454 706 483 ut
738 445 856 483 semet
885 445 986 495 ipsos
1012 446 1264 496 excusarent3
1288 448 1350 487 id-

67 524 141 561 que
161 511 381 562 exemplum
406 512 554 549 animos
576 507 712 548 Caesari
733 508 1071 557 defensionemque
1099 510 1205 549 dedit
1219 541 1230 556 ‚
1253 511 1351 550 alios

67 573 185 622 etiam
213 584 370 612 centum
390 571 639 626 quadraginta
670 581 799 619 parem
823 570 869 606 ad
898 571 1125 609 modestiam
1149 573 1348 622 adigendi‚

69 634 238 674 Neutros
263 635 387 673 notari
419 634 540 673 visum
567 631 641 671 est:
675 630 923 681 posteriorum
950 640 1077 668 tamen
1107 635 1262 670 nomina
1283 646 1350 683 pu²

70 695 170 736 blice
194 698 386 747 proposita
399 712 417 748 i.
442 695 633 746 prioribus
650 723 661 739 ,
687 695 772 742 quia
809 704 886 730 non
921 704 1248 741 repugnaverant,
1286 693 1354 733 hic

68 770 222 808 quoque
256 760 380 808 pudor
416 756 612 804 remiffus3
648 754 944 802 indultumque,
968 762 1031 799 ut,
1058 753 1136 792 lato
1162 755 1271 794 clavo
1293 769 1354 794 re-

71 827 204 868 tento,
238 820 438 871 spectandi
463 821 502 858 in
523 819 740 866 orchestra,
772 815 1006 867 publiceque
1033 817 1132 855 inter
1163 817 1356 858 senatores

74 882 260 935 epulandi
286 885 346 932 jus
378 882 573 925 haberent.

129 945 324 984 LXXVII.
349 946 396 984 At
423 944 470 993 Q.
494 943 712 989 Statilium,
728 941 922 981 tribunum
947 939 1071 991 plebiS
1096 941 1357 992 defignatum,

69 1019 93 1046 a
117 1008 284 1058 gerendo
311 1007 528 1057 magistratu
546 1036 556 1053 ,
579 1005 669 1044 licet
687 1003 975 1051 invitiffimum,
1003 1001 1122 1042 Caesar
1145 1006 1275 1044 arcuit.
1309 1005 1356 1044 In

70 1070 202 1109 senatu
224 1071 365 1110 deinde
389 1068 659 1116 ‘re-censendo,
694 1065 944 1117 probatiffimi
978 1066 1163 1116 cujusque
1198 1068 1356 1107 arbitrio

69 1145 150 1171 rem
175 1133 389 1179 commisit,
406 1143 448 1170 ut
463 1132 519 1168 vir
535 1130 660 1168 virum
686 1129 849 1178 legeret:
875 1140 947 1166 nec
963 1126 1151 1167 offensum
1174 1127 1211 1167 se
1235 1129 1359 1167 osten..

70 1195 153 1241 dit,
179 1207 267 1233 cum
292 1193 470 1233 Antistius
505 1192 631 1232 Labeo
660 1191 717 1231 M.
734 1191 950 1241 Lepidum,
976 1189 1124 1229 hostem
1159 1191 1254 1229 olim
1279 1191 1361 1230 Cae2

70 1254 187 1304 saris,
216 1265 307 1294 tunc
328 1253 498 1293 exsulem
524 1253 729 1292 nominans
747 1282 756 1299 ‚
790 1250 1116 1300 interrogatusque
1136 1264 1158 1290 a
1185 1251 1358 1301 Caesare,

72 1334 121 1356 an
134 1318 236 1370 effent
256 1319 322 1355 alii
338 1317 546 1370 digniores?-
558 1316 662 1367 ficum
680 1328 842 1366 quemque
854 1313 1029 1365 judicium
1041 1314 1180 1362 habere,
1201 1306 1374 1365 respon-v

72 1377 192 1418 disset.
240 1378 346 1418 Duos
381 1379 421 1415 in
453 1375 710 1415 consularium
742 1387 945 1414 numerum
985 1373 1139 1422 retulit,
1182 1376 1223 1414 C.
1260 1376 1362 1415 Clu-

43 1435 47 1438 ’
72 1443 205 1489 vium,
237 1440 278 1481 C.
302 1440 508 1485 Furnium,
536 1438 625 1488 quia
650 1436 859 1487 designati,
884 1436 990 1486 quod
1026 1437 1073 1474 ab
1101 1435 1182 1475 aliis
1213 1450 1360 1487 praeve-

73 1504 305 1548 niebantur,
328 1500 568 1540 consulatum
597 1511 724 1549 gerere
744 1499 1004 1547 nequiverant.
1033 1498 1213 1536 Patricios
1240 1500 1360 1540 etiam.

74 1565 172 1616 juffu
201 1563 335 1615 populi
363 1566 398 1603 δι
421 1562 599 1607 senatuS,
634 1573 680 1600 ex
715 1560 797 1609 lege
832 1559 872 1598 L.
904 1560 1016 1599 Saev'ri
1035 1590 1045 1603 ‚
1072 1561 1136 1607 qui
1164 1571 1270 1609 parte
1299 1561 1362 1600 su-

74 1628 235 1679 perioris
259 1626 348 1664 anni
373 1625 507 1664 consul
530 1624 677 1671 fuerat,
700 1621 860 1671 allegit:
897 1620 999 1669 quod
1025 1619 1202 1659 civilibus
1227 1620 1363 1671 bellis,

77 1701 162 1739 quae
188 1686 431 1726 nobilitatem
456 1686 623 1724 maxime
646 1693 804 1734 petunt,
831 1683 961 1721 multae
992 1682 1174 1731 primariae
1204 1682 1361 1722 familiae
1393 1691 1395 1693 ’

76 1751 308 1790 defecerant.
343 1760 416 1787 nec
442 1758 570 1786 tamen
592 1758 719 1784 carere
746 1743 916 1794 patriciis
946 1741 1161 1793 respublica
1188 1754 1363 1794 poterat,

80 1812 184 1863 quod
204 1823 309 1850 more
344 1812 536 1860 majorum
561 1807 674 1848 multi
698 1807 815 1853 ritus,
841 1804 906 1844 nifi
931 1818 998 1856 per
1019 1805 1110 1853 hos,
1138 1805 1234 1844 obiri
1262 1810 1366 1846 reete

78 1873 307 1924 nequibant.
487 1910 495 1917 ,

136 1934 351 1976 LXXVIII.
393 1932 455 1973 Sic
486 1929 673 1971 recensito
707 1929 990 1979 constitutoque
1020 1929 1178 1978 senatu,
1208 1942 1376 1980 peregre,

81 1998 186 2037 abire
214 2008 443 2046 quemquam
468 1994 608 2043 injussu
639 1992 706 2032 suo
727 1993 846 2031 vetuit
863 2023 873 2041 ,
904 1990 1020 2042 idque
1046 1991 1111 2030 diu
1139 1993 1267 2042 postea
1292 1992 1364 2031 ser..

81 2068 240 2109 uatum:
267 2056 335 2096 nisi
366 2056 470 2107 quod
496 2055 535 2094 in
555 2054 723 2096 Siciliam
752 2055 881 2104 prius,
908 2053 1050 2092 deinde
1076 2052 1238 2093 Galliam
1265 2056 1367 2093 Nar-

84 2119 321 2168 bonensem,
345 2121 393 2159 ad
418 2131 474 2158 res
503 2118 586 2157 suas
611 2116 823 2156 invisendas
852 2111 971 2153 libera
999 2115 1172 2154 concessa
1198 2118 1249 2154 est
1277 2129 1366 2166 prou

81 2183 223 2230 sectio,
239 2182 296 2220 his
321 2181 451 2220 saltem
467 2212 479 2228 ,
497 2181 560 2230 qui
584 2179 735 2218 oriundi
762 2176 932 2216 indidem
960 2178 1098 2227 praedia
1121 2178 1160 2217 in
1185 2177 1257 2216 illis
1279 2191 1368 2228 pro-

83 2245 219 2286 vinciis
255 2242 461 2290 haberent3
492 2242 618 2280 donec
640 2240 819 2279 omnibus
845 2239 884 2277 id
913 2239 1128 2289 promiscue
1157 2238 1373 2279 Theodosii

88 2305 391 2348 &Valentiniani
412 2303 496 2354 lege
513 2300 733 2353 permiffum
756 2301 819 2340 est.
842 2300 944 2340 Inter
960 2301 1042 2340 haec
1069 2302 1281 2340 revolventi
1303 2314 1365 2350 pa-

85 2372 152 2413 tris
178 2367 475 2408 commentarios
497 2365 671 2404 oblatum
694 2364 745 2402 est
767 2362 967 2403 confilium
993 2363 1262 2413 Carthaginem
1290 2362 1362 2400 de-

135 2488 157 2532 §
181 2487 335 2520 LXXVI.
369 2488 510 2520 Sueton.
533 2486 614 2519 Dio.
651 2485 672 2530 5
704 2482 875 2523 LXXVII.
899 2485 1041 2521 sueton.
1073 2485 1106 2516 in
1141 2484 1228 2528 Aug..
1260 2493 1289 2518 c.
1315 2489 1372 2526 543¹

88 2530 245 2566 Monum-
278 2532 405 2576 Ancyr.
433 2531 515 2566 Dio.
540 2531 652 2565 Tacit.
1052 2573 1095 2618 N

1121 2590 1143 2621 2
