1617 2963
254 177 332 223 IN
368 176 539 223 LOC.
591 176 719 223 LIB.
767 177 892 223 CXL
947 178 1092 225 L1V.
1250 180 1340 246 285

61 294 223 332 rumque
253 281 506 332 imaginibus,
530 281 793 331 propofitum,
821 282 1080 332 defletumque
1105 282 1230 324 funus.
1277 287 1344 328 Ti«

59 345 185 385 berius
208 346 438 385 defunctum
466 344 636 383 laudavit
661 358 730 394 pro
753 344 877 384 rostris
892 376 905 392 ,
935 347 1146 397 Augustus,
1170 360 1243 387 nec
1264 349 1341 390 fine

57 406 249 457 lacrimis,
273 408 312 446 in
338 410 441 447 circo
467 407 681 448 Flaminio:
709 408 813 456 quod
842 408 971 448 nescio
1000 423 1115 459 quam
1143 412 1192 451 ob
1216 412 1345 463 super-

55 472 250 511 stitionem
276 473 422 523 ingredi
456 471 686 522 pomoerium
715 471 773 509 fas
808 484 888 510 non
913 472 986 511 effe
1012 475 1180 514 rebatur.
1223 477 1274 516 Ea
1297 478 1340 516 in

56 533 281 573 laudatione
322 542 503 584 precatus·
532 533 668 572 dicitur
702 533 805 572 Deos
825 563 837 582 ‚
867 537 1000 586 fimiles
1041 538 1161 588 Drufh
1195 538 1340 590 Caesares

46 595 136 649 suos
150 597 309 649 facerent
320 611 337 645 ,-
354 598 488 649 fibirque
507 607 580 633 tam
599 596 772 648 honestum
800 599 1005 649 quandoque
1028 599 1158 635 exitum
1186 601 1309 638 darem
1325 630 1340 646 ‚

49 673 154 709 quam
191 658 248 696 illi
284 657 459 709 dedzffint.
513 656 687 695 Cadaver
735 657 908 707 equitum
952 658 1214 699 Romanorum
1250 661 1344 700 illu-

53 717 183 757 strium
208 717 376 756 humeris
413 717 453 755 in
493 716 682 767 Campum
714 717 925 767 perlatum,
957 718 1088 768 ibique
1123 733 1347 769 concrema-⁴

50 788 136 819 tum
162 780 238 820 est:
267 781 412 818 cineres
443 779 483 817 in
510 778 665 829 Augusti
699 779 960 819 conditorium
992 780 1101 820 illati.

106 850 211 890 VIII.
243 849 392 890 Fortior
424 849 464 887 in
492 848 605 897 hujus
633 847 740 887 obitu
767 848 872 888 Livia
902 849 998 896 fuit,
1033 863 1149 900 quam
1171 851 1210 890 in
1237 853 1342 894 Mat.

46 911 147 952 cello
168 925 289 962 nuper
318 911 477 951 Octavia
506 910 656 950 fuerat:
681 910 755 948 five
778 911 880 960 quod
908 912 1036 951 adhuc
1057 912 1149 966 alter
1175 914 1339 956 filiorum

46 975 269 1026 supererat,
310 974 384 1013 five
425 973 506 1012 aliis
551 972 682 1011 causis.
722 972 895 1025 Proficiffi
930 974 998 1024 fibi
1037 977 1215 1027 sapientia
1249 979 1337 1016 Arei

47 1039 178 1077 monita
204 1038 382 1086 dicebat,
412 1053 451 1076 ne
478 1037 585 1075 nimio
615 1037 707 1075 luffa
743 1049 951 1089 mergeretur.
989 1039 1164 1078 Honores
1198 1041 1338 1081 deinde

46 1100 274 1140 cumulatim
296 1101 491 1139 memoriae
515 1101 596 1148 ejus
623 1099 756 1138 additi.
784 1112 856 1147 nec
882 1113 950 1149 per
976 1101 1239 1141 adulationem
1258 1117 1340 1143 ma·-

47 1164 131 1214 gis,
167 1177 281 1214 quam
313 1165 395 1212 jure
423 1163 581 1202 merito:
616 1163 831 1202 Germanici
861 1175 1077 1214 cognomen
1112 1166 1178 1216 ipsi
1214 1169 1337 1218 poste-2

43 1225 192 1276 risque,
215 1226 365 1272 statuae,
391 1236 499 1263 arcus
524 1236 761 1262 marmoreus
807 1236 896 1264 cum
929 1228 1078 1275 tropaeis
1103 1229 1163 1267 via
1187 1230 1335 1280 Appia„

46 1289 83 1326 Sc
111 1288 159 1325 ad
199 1285 322 1336 ipsum
359 1286 538 1325 Rhenum
581 1285 807 1325 honorarius
851 1286 1022 1326 tumulus
1070 1289 1334 1341 moguntiaci‚

42 1348 174 1387 adhuc
198 1347 360 1397 vestigiis
399 1349 481 1396 ejus
513 1348 757 1385 monumenti
789 1346 1023 1388 durantibus.
1061 1349 1157 1389 Eum
1193 1355 1335 1392 exemia

42 1416 106 1448 tus
145 1408 350 1455 excitavit3
379 1408 676 1457 decretumque,
705 1420 742 1445 ut
765 1410 854 1447 circa
881 1423 954 1447 eum
991 1410 1151 1464 deinceps
1167 1415 1259 1464 stato
1273 1416 1332 1453 die

40 1471 232 1524 quotannis
254 1470 350 1507 miles
378 1470 562 1507 decurreret
581 1499 591 1516 ‚
618 1469 882 1521 Galliarumque
901 1470 1063 1508 civitates
1089 1474 1227 1525 publice
1239 1477 1326 1528 fill>-

35 1533 218 1585 plicarent.
255 1531 441 1580 Augustus
471 1529 639 1580 elogium
659 1531 740 1579 ejus
764 1530 914 1569 tumulo
939 1532 1102 1572 versibus
1128 1547 1148 1572 a
1171 1533 1207 1573 se
1225 1548 1329 1577 coma

40 1594 172 1644 positis
207 1592 423 1643 insculpsit,
447 1592 608 1642 vitaeque
642 1593 869 1632 memoriam
895 1593 1004 1644 prosa
1036 1596 1209 1636 oratione
1235 1610 1329 1638 con-

37 1655 301 1756 seclrggtoNec
331 1713 495 1752 dubitari
529 1713 672 1763 potest,
701 1712 880 1752 omnibus
918 1713 1077 1764 dignum
1112 1694 1322 1759 honoribus

25 1760 218 1815 'humanis
257 1775 388 1823 fuisse,
409 1787 454 1813 ac
489 1774 642 1821 nescio,
666 1787 714 1813 an
745 1774 940 1824 quisquam
970 1777 1098 1825 postea
1127 1779 1323 1820 Romano..

37 1853 122 1879 rum
154 1839 273 1878 Druso
310 1839 519 1888 comparari
558 1839 715 1885 debeat,
750 1849 882 1890 praeter
918 1840 1212 1892 Germanicum,
1253 1846 1319 1895 qui

39 1901 132 1940 huic
158 1902 252 1951 patri
280 1900 347 1940 suo
377 1900 579 1940 virtutibus
607 1903 642 1939 Sc
666 1900 810 1951 gloria,
835 1901 899 1940 sed
927 1903 962 1941 ἅ
985 1902 1146 1942 fortunae
1175 1904 1323 1956 fatique

35 1964 303 2012 similitudine,
327 1965 529 2014 proximus
561 1963 647 2003 fuit.
695 1963 752 2002 Ad
781 1963 917 2003 bellica
944 1966 979 2003 ἃ
1009 1965 1138 2004 civilia
1167 1969 1323 2018 negotia

34 2027 178 2077 pariter
213 2033 409 2075 promtus,
429 2024 550 2064 suavis
579 2024 779 2070 omnibus,
803 2024 870 2063 fibi
897 2027 1041 2064 amicos
1077 2040 1227 2077 aequans
1253 2029 1318 2068 be.

35 2086 175 2126 inevola
220 2086 491 2134 aestimatione,
519 2094 703 2136 quantum
739 2086 816 2136 ipse
842 2098 922 2126 erat
958 2089 1094 2138 opibus
1123 2089 1321 2142 superior,

36 2147 205 2197 corporis
250 2147 366 2185 etiam
409 2147 543 2198 insigni
575 2148 732 2195 decore,
774 2149 809 2186 δι
851 2150 1153 2203 commendante
1190 2153 1321 2191 omnia

35 2209 131 2249 flore
149 2209 278 2248 aetatis.
315 2209 459 2258 quippe
481 2209 715 2247 tricesimum
741 2221 857 2258 agens
881 2222 1023 2249 annum
1043 2211 1198 2250 interiit.
1231 2213 1317 2252 Ma„

34 2284 88 2309 nu
106 2284 257 2321 quoque
273 2270 442 2309 strenuus
457 2301 467 2319 ‚
485 2273 551 2321 qui
569 2271 664 2321 saepe
690 2272 857 2310 maximo
883 2284 972 2311 cum
991 2273 1204 2313 discrimine
1227 2275 1318 2313 Ger-

33 2343 238 2373 manorum
267 2332 383 2372 duces
407 2340 486 2372 tota
514 2332 594 2371 acie
620 2332 856 2382 sequeretur,
882 2335 1011 2384 opima
1032 2336 1217 2375 referendi
1238 2336 1314 2376 avi·¹

79 2472 103 2516 5
123 2472 200 2509 vn.
222 2473 331 2508 Tacit.
359 2473 433 2507 mv.
459 2474 549 2519 Epit.
579 2474 716 2521 svm.
739 2474 818 2511 Liv.
834 2475 928 2521 Epic.
952 2464 1043 2515 nob.
1066 2476 1209 2511 Sueton.
1227 2474 1313 2514 Daoi
