1617 2963
202 179 277 226 m
320 179 958 229 LOC.L113.Cxxx111
1002 182 1166 234 L1v
1245 197 1335 247 143¹,

54 284 133 324 'lata
160 287 388 340 benionafiyue
417 286 657 333 conditiones,
682 288 818 339 setnper
840 289 899 327 ille
930 290 1174 328 contumaciter
1204 292 1238 331 6³
1270 294 1333 331 ab..

49 349 156 400 surde
176 350 404 402 respondzffet.
439 348 636 396 Proculejo
659 349 858 388 mandarat
890 350 1027 398 Caesar,
1052 354 1150 390 daret
1173 368 1241 405 ove.
1239 363 1333 404 am,

53 423 97 448 ut
130 412 217 449 viva
254 413 292 450 in
316 412 514 463 potestatem
543 411 674 447 veniret
714 411 918 462 Cleopatra,
953 413 1134 453 thesauris
1164 416 1334 464 timens,¹

56 487 143 524 quos
165 473 230 512 illa
253 475 364 524 secum
387 485 609 511 crematuram
637 474 869 521 jaetaverat3
905 475 939 512 ὃς
965 475 1082 524 ipsam
1114 477 1268 526 cupiens
1288 478 1333 517 in

55 535 251 584 triumpho
277 537 425 574 ducere.
470 535 588 584 Igitur
616 533 713 572 nihil
742 536 777 573 ei
808 538 1031 585 promittere
1062 539 1262 588 statuerat,
1283 553 1333 579 ne

52 595 121 634 fibi
147 595 340 644 faciundi,
357 596 461 645 quod
476 595 671 643 voluisset,
691 596 880 634 adimeret
904 598 1126 645 potestatem
1146 599 1331 640 servando

51 654 249 705 pollicita,
277 667 341 695 aut
366 656 442 695 fide
467 656 682 707 posthabita
708 659 845 696 merito
868 658 1221 707 reprehenderetur.

110 723 190 763 LII.
210 726 258 764 At
278 724 361 772 illa,
378 724 557 763 diffidens
573 724 751 763 omnibus
765 755 777 771 ‚
796 737 885 764 cum
900 725 1100 775 Proculejo
1115 741 1181 777 per
1196 729 1337 771 ostium

50 787 208 826 firmiter
237 788 459 836 occlusum,
489 797 532 828 ut
562 796 692 827 tamen
719 789 865 839 percipi
890 788 1012 828 sermo
1032 790 1175 840 poffet,
1208 792 1331 832 collo-

48 859 161 897 cuta,
187 865 325 902 regnum
358 853 475 889 liberis
495 852 575 904 suis
606 851 781 902 petebat:
806 850 871 889 ille
892 851 1015 890 bonum
1045 853 1165 890 habere
1190 854 1332 902 jubens}

49 912 200 949 animum
217 943 228 958 ,
261 912 296 949 δ’
314 915 430 951 omnia
457 913 603 965 Caefizris
631 912 844 950 humanitati
870 913 1086 965 permittere,
1116 913 1245 953 Iocum
1272 916 1333 958 ina,

46 975 159 1014 terim
184 976 386 1025 diligenter
417 975 725 1025 contemplatus,
749 975 968 1025 imperatori
991 977 1231 1016 renuntiavit.
1267 977 1327 1017 Ab

45 1035 125 1076 hoc
159 1039 343 1077 continuo
372 1038 500 1077 missus
531 1039 583 1077 est
608 1038 807 1078 Cornelius
837 1037 986 1078 Gallus:
1026 1052 1103 1090 quo
1135 1040 1182 1078 de
1214 1040 1325 1079 indu»

46 1099 132 1138 stria
162 1101 398 1150 producente
429 1100 664 1155 sermonem,
695 1100 914 1150 Proculejus
943 1114 1031 1141 cum
1066 1103 1218 1142 duobus
1250 1105 1330 1142 mi·-

43 1163 190 1210 nistris,
229 1176 294 1213 per
327 1163 514 1213 fastigium
551 1163 724 1211 aedificii,
762 1176 834 1213 qua
863 1173 970 1213 parte
1002 1164 1116 1214 paulo
1141 1174 1230 1205 ante
1258 1177 1325 1206 re·-⁴

45 1233 177 1274 ceptus
197 1225 381 1264 Antonius
401 1225 549 1271 fuerat,
573 1224 678 1263 scalis
699 1224 866 1263 admotis
879 1226 1079 1275 ingreffus,
1096 1228 1145 1265 ad
1162 1228 1323 1279 ostium,

44 1285 112 1325 ubi
140 1299 228 1325 cum
261 1286 369 1326 Gallo
397 1285 689 1336 colloquebatur
711 1284 910 1334 Cleopatra
927 1316 939 1333 ,
974 1288 1201 1336 properavit.
1242 1287 1322 1326 Sed

41 1349 92 1386 ad
111 1361 244 1388 vocem
264 1348 434 1396 ancillae,
459 1363 479 1386 ο
502 1360 534 1386 te
557 1347 733 1399 miseram,
763 1348 975 1399 Cleopatra!
999 1349 1085 1386 viva
1111 1363 1204 1396 ecce,
1230 1350 1321 1387 viva

43 1409 322 1459 deprehenderis!
356 1406 582 1455 sicamina,
622 1420 694 1457 qua
726 1408 851 1446 cincta
882 1417 982 1455 erat,
1018 1407 1121 1447 haud
1155 1409 1324 1458 impigre

43 1470 228 1521 stringens
246 1502 256 1517 ,
284 1470 482 1510 deferebat
510 1471 548 1508 in
578 1472 731 1520 pee‘tu83
755 1482 842 1508 cum
871 1469 1098 1519 complexus
1130 1483 1213 1509 eam
1244 1484 1324 1510 am.

41 1531 166 1571 bobus
180 1533 343 1572 brachiis
366 1529 584 1580 P1·ocule]us
597 1563 609 1580 ,
628 1533 703 1578 bis,
726 1531 873 1580 inquit,
896 1532 1017 1582 iniqua
1035 1546 1093 1579 es,
1113 1532 1325 1584 Cleopatra,

39 1593 220 1645 tibique&
245 1595 389 1646 Caefhri,
419 1595 559 1633 laetioris
578 1594 732 1645 sortunae
757 1595 851 1632 vices
876 1593 963 1642 tibi,
987 1595 1263 1646 mansuetudinis
1283 1594 1321 1637 δ’,

38 1655 224 1693 clementiae
255 1656 400 1706 gloriam
428 1656 483 1692 illi
507 1655 678 1706 auferens.

95 1722 196 1763 LIII.
237 1723 374 1773 Erepta
399 1724 538 1762 deinde
561 1724 655 1771 sica,
680 1722 920 1774 vestibusque
945 1722 1106 1763 excussis
1122 1755 1134 1772 ‚
1158 1736 1206 1762 ne
1228 1724 1322 1773 quid

39 1784 90 1824 ad
120 1795 281 1824 mortem
307 1786 371 1824 fibi
399 1784 709 1824 consciscendam
743 1795 876 1836 aptum
907 1786 1187 1835 relinquerent,
1221 1786 1322 1836 Epa-

39 1846 226 1898 phrodito
253 1860 338 1886 eam
365 1848 630 1896 tradiderunt,
665 1848 729 1898 qui
762 1848 890 1886 miffus
919 1849 966 1886 ad
1000 1847 1076 1885 hoc
1106 1860 1125 1886 a
1156 1857 1320 1897 patrono

39 1909 188 1956 fuerat,
215 1920 254 1948 ut
284 1909 499 1949 mollisslme
527 1912 562 1950 &
592 1909 832 1948 blandissime
860 1909 1056 1956 habitam,
1092 1908 1237 1948 summa
1264 1910 1322 1948 di„

38 1969 196 2019 ligentia
228 1973 441 2012 custodiret.
484 1973 586 2012 Dum
621 1973 670 2011 ad
701 1971 806 2011 hunc
842 1972 1004 2009 modum
1040 1970 1168 2019 regina
1201 1971 1322 2009 corri-

36 2033 162 2083 pitur,
196 2034 392 2073 eunuchus
417 2036 498 2083 ejus
523 2033 663 2084 aspidis
698 2033 847 2072 irritatae
879 2031 1002 2072 morsu
1024 2032 1145 2071 fatum
1169 2033 1318 2080 citans,
1368 2030 1373 2035 “

38 2096 80 2133 in
107 2096 257 2134 foveam
290 2106 378 2135 ante
401 2097 449 2140 ad
483 2096 558 2134 hoc
588 2104 836 2146 praeparatam
862 2094 899 2133 se
925 2095 1083 2134 demisit.
1124 2095 1207 2134 Post
1231 2094 1315 2134 haec

36 2158 217 2209 ingressus
252 2159 303 2197 est
328 2158 598 2198 Alexandriam
628 2157 767 2203 Caesar,
795 2159 931 2196 Areum
959 2155 1232 2206 philosophum
1258 2156 1316 2194 in-

35 2219 170 2257 didem
205 2232 319 2257 manu
344 2230 500 2265 tenens,
535 2218 798 2268 sermonesque
836 2229 925 2256 cum
963 2230 1008 2256 eo
1046 2217 1197 2264 serens;
1236 2230 1313 2266 quo

35 2281 226 2327 majorem
259 2279 313 2318 illi
339 2280 443 2330 apud
467 2283 568 2320 cives
595 2280 680 2319 suos
705 2281 972 2319 auctoritatem
1000 2280 1125 2318 statim
1152 2279 1198 2317 ab
1236 2278 1313 2316 hoe

35 2340 240 2391 conspeetu
270 2340 502 2382 conciIiaret.
536 2341 581 2382 In
607 2341 801 2393 gymnasio
828 2340 993 2380 tribunal
1024 2340 1117 2391 erigi
1143 2338 1313 2388 Juffexar.

80 2474 108 2522 s
135 2476 187 2511 m,
208 2477 289 2515 Dio.
309 2477 401 2516 mut.
