1617 2963
240 177 323 236 148
394 177 483 224 Jo.
532 173 1414 222 FRElNSHEMH‘SUPPLEM.

235 285 331 338 lusffi
348 315 359 333 ,
386 299 454 322 non
482 294 643 321 mortuos.
673 280 768 330 Apin
792 281 908 320 etiam
936 280 1127 331 adspicere
1155 281 1385 333 supersedit,
1413 284 1518 322 Deos*

234 362 256 386 a
278 348 343 399 se,
363 359 431 383 non
451 357 531 382 vero
549 343 672 390 boves,
699 342 839 381 adorari
866 341 984 381 solere
1010 342 1154 381 dicens.

296 406 429 447 LXVI.
468 403 678 444 Conversus
712 404 850 443 deinde
883 405 932 443 ad
965 417 1021 443 res
1062 403 1214 455 AEgypti
1254 404 1509 452 ordinandas⁹

228 484 343 522 quam
384 469 558 519 imposito
588 468 777 518 stipendio
810 468 850 506 in
888 469 1097 518 provinciae
1131 469 1296 508 formam
1341 469 1510 521 redigere

230 535 425 579 decrerat,
459 531 527 570 Cn.
565 529 790 569 Cornelium
819 529 971 570 Gallum
1001 543 1047 569 ex
1075 530 1207 569 infima
1243 530 1393 571 fortuna
1425 545 1511 582 pro-

231 594 412 638 dudum,
438 590 603 641 praefeeti
639 592 823 638 nomine,
858 589 923 629 sed
958 591 1006 630 ad
1037 591 1323 630 fimilitudinem
1359 591 1512 643 imperii

229 651 539 705 proconsularis,
564 651 775 702 imposuit,
802 653 980 702 equestris
1013 652 1089 692 Ioci
1119 654 1241 697 virum
1268 667 1279 692 t
1302 655 1389 704 quia
1423 666 1512 704 pro-

228 723 314 764 pter
343 711 630 752 multitudinem
668 711 871 752 hominum
898 726 942 753 ac
973 715 1205 765 oppidorum
1222 744 1234 764 ,
1258 714 1511 753 fertilitatem-

228 788 303 825 que
333 774 397 814 soli
427 776 462 814 Sc
490 774 578 813 fitus
616 775 970 825 opportunitatem,
1005 777 1200 816 metuebat
1236 789 1321 817 eam
1356 778 1511 827 majoris

231 838 428 888 dignitatis
472 836 619 875 homini
659 838 821 876 credere.
854 838 966 878 Unde
997 840 1032 878 ἃ
1067 838 1254 879 senatores
1289 839 1509 890 equitesque

230 899 427 939 Romanos
452 898 608 938 illustres
634 899 843 950 AEgyptum
872 899 1116 948 intrare,nis1
1147 900 1351 950 permissu,
1377 901 1510 941 vetuit,

227 961 308 1001 Sub
346 961 421 1000 hoc
461 960 637 1011 praer'eeto
669 961 852 1010 juridicus
895 960 1131 1001 Alexandriae
1164 970 1379 1005 ,conventus
1413 963 1515 1022 fuitq

227 1023 331 1072 apud
358 1035 473 1072 quem
512 1022 691 1072 pleraque
720 1022 864 1071 judicia
898 1022 1118 1073 agebantur.
1151 1024 1319 1074 itemque
1348 1025 1512 1075 ratione-2

225 1082 272 1123 lis
298 1082 470 1130 Caesaris‚
497 1082 560 1132 qui
593 1082 693 1121 bona
722 1083 920 1133 vacantia,
949 1085 984 1123 ἅ
1010 1085 1199 1136 quidquid
1220 1087 1258 1124 in
1281 1086 1413 1125 fiscum
1438 1088 1510 1126 im-

226 1145 409 1197 peratoris
449 1153 642 1194 oporteret
681 1145 825 1196 redigi,
866 1146 1031 1185 curabat.
1069 1147 1137 1188 His
1170 1148 1348 1188 omnibus
1379 1149 1508 1188 liberti

227 1208 409 1256 Caesaris,
457 1216 569 1257 atque
622 1216 886 1258 procuratores
931 1207 1080 1247 diverfis
1126 1208 1341 1249 officiorum
1389 1209 1508 1250 titulis

228 1269 474 1320 apparebant.

296 1330 451 1370 LXVII.
490 1328 705 1368 Praesidium
738 1329 899 1369 militare
937 1342 1053 1368 unam
1090 1330 1129 1368 in
1156 1330 1250 1370 urbe
1290 1331 1508 1383 legionem⁹

228 1393 321 1433 duas
351 1393 390 1431 in
416 1393 512 1443 agris
546 1391 762 1431 collocavit.
805 1392 983 1432 Praeterea
1009 1402 1083 1432 tres
1113 1394 1295 1434 Romanae
1330 1396 1508 1435 cohorter.

227 1454 376 1494 seorsim
408 1454 641 1493 Alexandriae
671 1453 939 1503 excubabant,
973 1462 1048 1493 tres
1077 1456 1125 1495 ad
1145 1457 1293 1506 Syenen
1313 1453 1506 1497 &AEthioss

226 1518 299 1568 piae
323 1516 415 1555 fines
440 1530 448 1555 ;
485 1515 648 1554 totidem
682 1527 749 1566 per
779 1514 870 1555 alias
899 1516 1084 1566 regiones.
1137 1527 1243 1557 erant
1269 1520 1304 1557 ἃ
1336 1520 1506 1569 equiturn

225 1578 294 1618 alae
332 1586 431 1626 tres,
467 1577 614 1616 idoneis
642 1576 739 1616 Iocis
784 1578 819 1616 ἃ
846 1576 934 1627 ipsae
964 1577 1160 1629 dispositae.
1201 1579 1249 1619 Et
1277 1593 1352 1630 quo
1384 1582 1507 1631 magis

227 1638 425 1678 mobilitas
466 1638 587 1688 gentis
619 1636 963 1687 constringeretur,
992 1650 1070 1676 non
1107 1639 1225 1677 modo
1260 1639 1298 1677 in
1332 1639 1502 1679 senatum

230 1701 361 1740 Romae
398 1699 521 1750 legere
560 1698 868 1747 Alexandrinos,
899 1698 964 1738 sed
1000 1712 1048 1738 ne
1084 1698 1320 1740 Alexandriae
1349 1702 1504 1751 quidem

225 1762 397 1802 senatum
428 1761 500 1800 effe
540 1759 682 1809 voluit3
709 1773 796 1799 cum
832 1770 977 1800 ceteras
1009 1761 1118 1800 urbes
1153 1775 1258 1800 more
1287 1763 1410 1813 patrio
1440 1763 1504 1803 ad-

226 1824 423 1865 ministrari
454 1832 653 1874 pateretur.
680 1823 755 1863 Sed
781 1833 860 1861 erat
889 1824 1043 1872 quidam
1071 1823 1283 1874 appellatus
1316 1825 1502 1877 Exegetes5

226 1886 289 1927 cui
311 1885 546 1925 neceffitate's
571 1885 674 1924 urbis
698 1885 874 1924 curandae
900 1885 1202 1934 mandabantur,
1231 1887 1266 1925 ἃ
1292 1887 1391 1926 inter
1409 1887 1504 1926 alios

225 1949 393 1987 honores
420 1946 558 1996 gestare
589 1959 795 1997 purpuram
824 1945 1042 1996 permiss'um
1072 1957 1165 1986 erat.
1196 1947 1278 1996 post
1302 1947 1404 1987 hunc
1424 1959 1503 1990 erat

224 2010 282 2050 vir
303 2023 323 2048 a
351 2009 660 2055 commentariis,
685 2009 1160 2060 (Hypomnematograplzum
1190 2008 1257 2057 ipsr
1282 2009 1501 2064 vocabant)

229 2074 264 2112 ἃ
295 2070 594 2118 Archidieastes3
621 2069 849 2120 quartusque
868 2082 1002 2120 praetor
1021 2072 1241 2110 nodamus.
1269 2072 1345 2110 Sed
1363 2071 1402 2111 hi
1425 2086 1502 2112 ma·

227 2132 398 2184 gistratus
427 2131 541 2170 etiam
571 2130 639 2169 sub
666 2132 814 2181 regibus
843 2131 1003 2170 fuerant.
1038 2132 1198 2171 Romani
1229 2142 1408 2182 praeterea
1434 2146 1501 2184 per

227 2194 462 2245 provinciam
501 2195 535 2232 Sc
569 2194 684 2231 duces
717 2192 900 2243 quosdam
933 2193 1231 2243 n‹›1narchasque
1265 2195 1299 2233 ἃ
1338 2195 1499 2235 ethnar-

230 2255 320 2295 chas
343 2256 640 2303 constituerunt,
664 2254 728 2293 sed
750 2267 830 2293 non
850 2255 1016 2294 maxima
1039 2254 1107 2294 hos
1129 2268 1260 2294 omnes
1286 2256 1483 2305 potestate.

284 2321 457 2361 LXVIII.
485 2322 595 2361 Hanc
624 2322 881 2360 mutationem
911 2333 1037 2360 rerum
1069 2319 1239 2372 AEgyptii
1271 2319 1501 2371 portendisse

291 2442 311 2481 §5
344 2441 445 2473 LXV.
468 2441 550 2474 Dio.
577 2441 718 2473 Sueton.
746 2439 767 2483 ξ
795 2439 913 2473 LXVI.
945 2433 1088 2477 Sueten..
1113 2440 1149 2474 in
1173 2441 1261 2484 Aug.
1284 2451 1312 2474 c.
1334 2440 1389 2475 66.
1419 2438 1499 2474 Dio.

233 2482 340 2518 Strab.
367 2487 389 2519 1.
418 2496 465 2520 12.
497 2487 518 2531 ς
543 2485 678 2519 LXVII.
702 2484 782 2520 Dio.
809 2484 916 2519 strab.
