1617 2963
251 197 341 245 286
411 197 503 244 JO,
544 192 1051 240 FREINSHEMII
1092 194 1456 241 SUPPLEM.

250 307 333 347 dus.
376 305 458 344 Nec
483 301 636 352 adipisci
673 308 825 339 tantum
853 301 1081 349 vidoriam,
1105 301 1166 340 sed
1201 304 1235 341 Sc
1260 302 1409 341 firmare
1437 313 1527 341 con..

249 367 330 405 filio
359 367 540 414 idoneus,
567 365 605 402 in
628 362 787 403 tutelam
813 363 1091 413 provinciarum
1115 364 1281 415 praefidia
1305 365 1437 415 passim
1457 362 1530 404 dis-

248 428 393 480 posuit,
421 428 625 467 fluviorum
660 427 828 464 maxime
862 425 1190 475 opportunitatem
1227 426 1387 466 secutuff.

303 497 354 536 X.
386 495 576 545 Praecipue
604 494 808 544 Rhenum,
837 495 1034 533 communi
1069 495 1106 532 in
1145 494 1273 535 Gallos
1308 492 1532 535 Germanos..

249 572 324 609 que
352 557 497 603 tutela,
524 556 798 607 quinquaginta
834 556 981 595 circiter
1010 556 1169 595 castellis
1198 558 1460 596 communivit.
1484 568 1534 596 ex

251 618 387 669 quibus
417 628 546 657 enatas
574 617 646 656 effe
667 616 864 667 plerasque
890 630 1022 656 omneS
1052 618 1222 658 civitates
1254 617 1338 656 satis
1364 618 1532 665 constat,

250 694 411 732 quarum
431 681 634 732 splendore
667 680 785 719 hodie
809 681 954 720 Gallica
983 682 1063 731 ripa
1095 682 1285 732 insigniter
1315 681 1531 721 illustratur.

250 744 387 785 Pontes
416 743 456 781 in
488 742 625 781 eodem
662 753 774 779 amne
804 742 900 781 duos
931 742 1159 790 aedificavit,
1201 743 1248 781 ad
1285 743 1459 781 Bonnam
1495 743 1534 782 Sc

252 807 568 858 Mogontiacum,
597 812 640 842 ut
664 804 868 854 expeditus
894 805 932 842 in
962 805 1201 843 Germaniam
1223 807 1401 854 trajectus
1422 804 1533 847 effer:

253 870 493 921 Hercynium
520 866 654 906 saltum
683 865 914 904 inaccess'um
937 867 983 904 ad
1001 867 1041 904 id
1066 875 1243 916 tempus,
1268 866 1535 917 frequentibus

250 933 423 973 vie'toriis
458 941 708 981 percurrens,
748 929 941 978 patefecit.
1001 929 1089 978 Ejus
1125 930 1291 979 denique
1325 929 1534 968 reverentia

253 1009 334 1034 non
369 1001 512 1045 pacatae
548 992 666 1031 modo
711 1000 841 1041 gentes
865 1021 875 1037 ,
919 990 982 1029 sed
1019 992 1133 1030 etiam
1175 990 1328 1030 hostiles
1370 991 1535 1030 ferocius

256 1070 367 1109 agere
393 1055 604 1094 desierunt:
638 1065 702 1104 per
736 1060 858 1091 toturn
889 1053 986 1091 adeo
1022 1053 1145 1092 morbi
1178 1062 1329 1104 tempus
1357 1053 1460 1092 velut
1481 1061 1540 1093 ta·-

255 1120 340 1159 citis
362 1117 526 1158 induciis
541 1116 688 1166 quietae.
722 1115 833 1163 Justis
854 1114 972 1154 Druso
1001 1116 1184 1163 redditis,
1206 1116 1253 1155 ad
1275 1115 1431 1167 publica
1454 1127 1538 1154 mu-

255 1184 318 1222 nia
355 1180 547 1225 reditum,
592 1177 884 1227 voluptatesque
919 1177 1104 1218 resumtae.
1148 1179 1305 1220 Tiberio
1343 1179 1537 1218 decretam

254 1260 300 1287 ex
328 1244 546 1285 Dalmatico
568 1241 777 1291 vicinisque
805 1241 914 1281 bellis
949 1244 1196 1290 ovationem,
1224 1243 1404 1283 diximus.
1437 1242 1537 1282 hanc

256 1311 323 1351 ille
359 1315 466 1347 tanto
511 1306 658 1357 peregit
688 1305 1017 1356 magnificentius,
1049 1307 1150 1356 quod
1190 1313 1388 1358 apparatus
1420 1308 1538 1347 etiam

256 1371 363 1413 Drusi
400 1368 511 1409 causa
550 1368 666 1415 faeti,
698 1368 781 1419 post
820 1379 984 1407 mortem
1024 1369 1135 1418 hujus
1170 1371 1207 1408 in
1248 1382 1365 1410 unum
1403 1380 1540 1409 omnes

257 1432 452 1472 cesserant.

311 1499 385 1540 XI.
416 1497 519 1547 Equo
555 1497 750 1543 invectus,
777 1497 897 1535 stratis
926 1497 963 1535 in
993 1498 1182 1548 Capitolio
1216 1500 1251 1538 8(
1275 1511 1341 1549 per
1365 1497 1455 1538 alias
1478 1509 1541 1536 ur-

258 1565 316 1604 bis
350 1571 477 1613 partes
514 1560 678 1605 mensis,
715 1559 868 1610 epulum
908 1560 1052 1611 populo
1086 1561 1277 1611 praebuit:
1316 1560 1540 1600 mulieribus

260 1628 374 1667 etiam
401 1639 420 1664 a
445 1624 550 1664 Livia
581 1635 624 1662 ac
649 1623 750 1672 Julia
783 1623 939 1674 epulum
971 1625 1113 1662 datum.
1151 1624 1267 1663 Liviae
1299 1636 1390 1663 mox
1415 1624 1456 1662 in
1483 1623 1542 1662 so-

258 1690 392 1729 latium
420 1685 540 1726 amiffi
568 1686 672 1725 Drufi
711 1686 836 1725 stature
875 1688 1058 1733 decretae‚
1082 1700 1170 1725 cum
1201 1688 1283 1735 jure
1309 1686 1424 1725 trium
1450 1685 1543 1725 libe-

261 1764 403 1791 rorum.
436 1750 471 1789 ἃ
498 1749 546 1788 ab
575 1749 650 1788 hoc
684 1748 861 1799 exemplo
895 1760 1021 1799 coepta
1048 1747 1306 1797 consuetudo,
1330 1750 1388 1797 jus
1415 1747 1538 1795 istud,

259 1813 392 1866 priscis
423 1811 662 1861 temporibus
695 1812 742 1850 ab
773 1811 930 1859 senatu,
962 1825 1053 1851 mox<
1080 1811 1126 1867 ab
1152 1812 1380 1860 imperatore
1411 1818 1542 1861 petenn

265 1874 325 1914 di:
363 1884 525 1922 quorum
558 1871 796 1920 indulgentia
817 1901 827 1917 ,
860 1871 994 1920 quibus
1025 1881 1157 1910 natura
1197 1879 1254 1910 tot
1288 1870 1431 1910 liberos
1460 1883 1540 1911 non

264 1932 522 1979 concesserat,
554 1943 709 1980 poenam
745 1931 923 1969 orborum
961 1931 1160 1979 vitabant,
1196 1933 1230 1970 &
1258 1931 1410 1980 praemia
1443 1929 1542 1970 mul-

267 2005 328 2035 tos
361 1994 500 2032 liberos
540 1991 763 2031 habentium
787 2024 798 2041 ,
839 2001 972 2043 praeter
1016 2006 1164 2043 pauca,
1201 1992 1541 2043 consequebantur.

265 2058 341 2100 Sub
374 2058 475 2096 idem
511 2066 661 2106 tempus
690 2057 863 2096 Herodes
901 2057 1075 2096 Caesareae
1109 2056 1292 2108 templum
1325 2058 1475 2108 Augusti
1506 2059 1543 2098 ὃς

267 2121 398 2162 Romae
423 2119 635 2166 dedicavit,
662 2130 750 2157 cum
776 2119 1152 2169 magnificentissimis
1182 2119 1373 2169 utriusque
1397 2119 1544 2159 fimula·

269 2184 342 2221 cris
359 2194 367 2221 :
387 2182 516 2220 turrim
539 2182 653 2219 etiam
675 2180 992 2231 pulcherrimam,
1010 2183 1048 2220 in
1069 2191 1179 2232 portu
1198 2182 1374 2232 positam,
1397 2195 1543 2222 memo-

268 2246 332 2284 riae
352 2243 457 2283 Drufi
492 2243 601 2282 causa
633 2244 845 2282 nominavit
869 2244 1087 2295 Drufionem.
1128 2245 1209 2284 Nec
1234 2245 1346 2283 unius
1374 2244 1541 2284 Herodis

268 2304 350 2345 haec
377 2304 546 2344 adulatio
575 2305 657 2344 fuit.
696 2304 761 2344 alii
783 2318 935 2355 quoque
971 2318 1077 2356 reges
1105 2305 1287 2345 Caesareas
1314 2306 1425 2345 urbes
1451 2318 1543 2345 cona

325 2450 346 2492 5
370 2450 427 2484 IX.
458 2450 581 2495 Vellej.
611 2461 650 2492 2,
671 2461 725 2495 97.
754 2452 896 2489 Sueten.
928 2453 1016 2488 nor.
1041 2464 1083 2496 4,
1110 2465 1161 2491 ιι.
1193 2453 1216 2499 §
1247 2453 1292 2490 X.
1321 2453 1429 2490 Tacit.
1454 2454 1544 2492 Ποῖ,

274 2502 395 2538 Euseb.
421 2502 542 2546 Vellej.
566 2502 648 2538 Dio,
1335 2516 1337 2519 ’
