<?xml version="1.0" encoding="UTF-8"?>
<!DOCTYPE html PUBLIC "-//W3C//DTD XHTML 1.0 Transitional//EN"
    "http://www.w3.org/TR/xhtml1/DTD/xhtml1-transitional.dtd">
<html xmlns="http://www.w3.org/1999/xhtml" xml:lang="en" lang="en">
 <head>
  <title>
</title>
<meta http-equiv="Content-Type" content="text/html;charset=utf-8" />
  <meta name='ocr-system' content='tesseract 3.04.00' />
  <meta name='ocr-capabilities' content='ocr_page ocr_carea ocr_par ocr_line ocrx_word'/>
</head>
<body>
  <div class='ocr_page' id='page_1' title='image "./historiarumlibri12livyuoft_0243.png"; bbox 0 0 1617 2963; ppageno 0'>
   <div class='ocr_carea' id='block_1_1' title="bbox 199 158 1327 241">
    <p class='ocr_par' dir='ltr' id='par_1_1' title="bbox 199 158 1327 241">
     <span class='ocr_line' id='line_1_1' title="bbox 199 158 1327 241; baseline 0 -15"><span class='ocrx_word' id='word_1_1' title='bbox 199 180 491 226; x_wconf 62' lang='lat' dir='ltr'>tuton</span> <span class='ocrx_word' id='word_1_2' title='bbox 538 180 672 226; x_wconf 66' lang='grc' dir='ltr'>ΗΒ.</span> <span class='ocrx_word' id='word_1_3' title='bbox 721 179 970 226; x_wconf 66' lang='lat' dir='ltr'>cxxxvi</span> <span class='ocrx_word' id='word_1_4' title='bbox 1011 181 1160 227; x_wconf 70' lang='lat' dir='ltr'>mv,</span> <span class='ocrx_word' id='word_1_5' title='bbox 1227 158 1327 241; x_wconf 59' lang='lat'>‘235</span> 
     </span>
    </p>
   </div>
   <div class='ocr_carea' id='block_1_2' title="bbox 52 284 1333 1202">
    <p class='ocr_par' dir='ltr' id='par_1_2' title="bbox 52 284 1333 1202">
     <span class='ocr_line' id='line_1_2' title="bbox 128 284 1332 338; baseline -0.002 -11"><span class='ocrx_word' id='word_1_6' title='bbox 128 286 208 327; x_wconf 89' lang='lat' dir='ltr'>VII.</span> <span class='ocrx_word' id='word_1_7' title='bbox 245 287 429 336; x_wconf 80' lang='lat' dir='ltr'><strong>Idemque</strong></span> <span class='ocrx_word' id='word_1_8' title='bbox 457 287 490 324; x_wconf 70' lang='grc' dir='ltr'>δι</span> <span class='ocrx_word' id='word_1_9' title='bbox 515 284 680 334; x_wconf 83' lang='lat' dir='ltr'>sequenti</span> <span class='ocrx_word' id='word_1_10' title='bbox 716 298 816 324; x_wconf 88' lang='lat' dir='ltr'>anno</span> <span class='ocrx_word' id='word_1_11' title='bbox 849 286 1014 334; x_wconf 70' lang='lat' dir='ltr'>fac‘tum,</span> <span class='ocrx_word' id='word_1_12' title='bbox 1046 300 1121 338; x_wconf 91' lang='lat' dir='ltr'>quo</span> <span class='ocrx_word' id='word_1_13' title='bbox 1158 286 1332 326; x_wconf 69' lang='lat' dir='ltr'>consules</span> 
     </span>
     <span class='ocr_line' id='line_1_3' title="bbox 62 345 1329 396; baseline 0.001 -9"><span class='ocrx_word' id='word_1_14' title='bbox 62 347 121 388; x_wconf 78' lang='lat' dir='ltr'>M.</span> <span class='ocrx_word' id='word_1_15' title='bbox 148 347 330 387; x_wconf 87' lang='lat' dir='ltr'>Claudius</span> <span class='ocrx_word' id='word_1_16' title='bbox 350 347 406 386; x_wconf 83' lang='lat' dir='ltr'>M.</span> <span class='ocrx_word' id='word_1_17' title='bbox 436 346 476 385; x_wconf 89' lang='lat' dir='ltr'>F.</span> <span class='ocrx_word' id='word_1_18' title='bbox 504 345 709 385; x_wconf 79' lang='lat' dir='ltr'><strong>Marcellus</strong></span> <span class='ocrx_word' id='word_1_19' title='bbox 738 346 977 396; x_wconf 78' lang='lat' dir='ltr'>AEserninus,</span> <span class='ocrx_word' id='word_1_20' title='bbox 1005 348 1044 388; x_wconf 96' lang='lat' dir='ltr'>L.</span> <span class='ocrx_word' id='word_1_21' title='bbox 1071 350 1264 387; x_wconf 82' lang='lat' dir='ltr'>Arruntius</span> <span class='ocrx_word' id='word_1_22' title='bbox 1289 349 1329 388; x_wconf 91' lang='lat' dir='ltr'>L.</span> 
     </span>
     <span class='ocr_line' id='line_1_4' title="bbox 60 407 1332 459; baseline -0.002 -8"><span class='ocrx_word' id='word_1_23' title='bbox 60 410 102 451; x_wconf 83' lang='lat' dir='ltr'>F.</span> <span class='ocrx_word' id='word_1_24' title='bbox 124 411 165 450; x_wconf 89' lang='lat' dir='ltr'>L.</span> <span class='ocrx_word' id='word_1_25' title='bbox 187 411 236 450; x_wconf 93' lang='lat' dir='ltr'>N.</span> <span class='ocrx_word' id='word_1_26' title='bbox 254 410 418 448; x_wconf 87' lang='lat' dir='ltr'>fuerunt.</span> <span class='ocrx_word' id='word_1_27' title='bbox 444 409 544 449; x_wconf 88' lang='lat' dir='ltr'>Tum</span> <span class='ocrx_word' id='word_1_28' title='bbox 568 408 681 447; x_wconf 87' lang='lat' dir='ltr'>etiam</span> <span class='ocrx_word' id='word_1_29' title='bbox 707 407 934 448; x_wconf 80' lang='lat' dir='ltr'>fulminibus</span> <span class='ocrx_word' id='word_1_30' title='bbox 954 418 1086 459; x_wconf 71' lang='lat' dir='ltr'>praeter</span> <span class='ocrx_word' id='word_1_31' title='bbox 1105 409 1178 448; x_wconf 86' lang='lat' dir='ltr'>alia</span> <span class='ocrx_word' id='word_1_32' title='bbox 1205 410 1332 448; x_wconf 80' lang='lat' dir='ltr'>statuae</span> 
     </span>
     <span class='ocr_line' id='line_1_5' title="bbox 60 469 1330 521; baseline -0.001 -10"><span class='ocrx_word' id='word_1_33' title='bbox 60 474 104 511; x_wconf 89' lang='lat' dir='ltr'>in</span> <span class='ocrx_word' id='word_1_34' title='bbox 127 471 294 511; x_wconf 88' lang='lat' dir='ltr'>Pantheo</span> <span class='ocrx_word' id='word_1_35' title='bbox 318 472 425 519; x_wconf 55' lang='lat' dir='ltr'>ictae,</span> <span class='ocrx_word' id='word_1_36' title='bbox 454 472 489 510; x_wconf 67' lang='grc' dir='ltr'><strong><em>ἃ</em></strong></span> <span class='ocrx_word' id='word_1_37' title='bbox 522 470 671 520; x_wconf 86' lang='lat' dir='ltr'>Augusti</span> <span class='ocrx_word' id='word_1_38' title='bbox 703 469 900 509; x_wconf 80' lang='lat' dir='ltr'>simulacro</span> <span class='ocrx_word' id='word_1_39' title='bbox 930 470 1051 518; x_wconf 73' lang='lat' dir='ltr'>hasta,</span> <span class='ocrx_word' id='word_1_40' title='bbox 1075 484 1187 521; x_wconf 88' lang='lat' dir='ltr'>quam</span> <span class='ocrx_word' id='word_1_41' title='bbox 1212 484 1330 510; x_wconf 81' lang='lat' dir='ltr'>manu</span> 
     </span>
     <span class='ocr_line' id='line_1_6' title="bbox 60 532 1331 583; baseline -0.002 -11"><span class='ocrx_word' id='word_1_42' title='bbox 60 533 236 580; x_wconf 86' lang='lat' dir='ltr'>tenebat,</span> <span class='ocrx_word' id='word_1_43' title='bbox 258 532 420 572; x_wconf 72' lang='lat' dir='ltr'>excussa.</span> <span class='ocrx_word' id='word_1_44' title='bbox 455 532 588 572; x_wconf 87' lang='lat' dir='ltr'>Fames</span> <span class='ocrx_word' id='word_1_45' title='bbox 616 532 774 578; x_wconf 84' lang='lat' dir='ltr'>deinde,</span> <span class='ocrx_word' id='word_1_46' title='bbox 796 541 836 570; x_wconf 90' lang='lat' dir='ltr'>ut</span> <span class='ocrx_word' id='word_1_47' title='bbox 860 532 972 580; x_wconf 84' lang='lat' dir='ltr'>solet,</span> <span class='ocrx_word' id='word_1_48' title='bbox 1000 533 1126 572; x_wconf 86' lang='lat' dir='ltr'>secuta</span> <span class='ocrx_word' id='word_1_49' title='bbox 1152 532 1331 583; x_wconf 85' lang='lat' dir='ltr'>pestilen-</span> 
     </span>
     <span class='ocr_line' id='line_1_7' title="bbox 58 593 1330 645; baseline -0.002 -11"><span class='ocrx_word' id='word_1_50' title='bbox 58 596 176 641; x_wconf 83' lang='lat' dir='ltr'>tiam,</span> <span class='ocrx_word' id='word_1_51' title='bbox 202 594 304 644; x_wconf 90' lang='lat' dir='ltr'>quod</span> <span class='ocrx_word' id='word_1_52' title='bbox 330 595 436 644; x_wconf 79' lang='lat' dir='ltr'>aegris</span> <span class='ocrx_word' id='word_1_53' title='bbox 456 603 521 640; x_wconf 84' lang='lat' dir='ltr'>aut</span> <span class='ocrx_word' id='word_1_54' title='bbox 547 594 704 633; x_wconf 79' lang='lat' dir='ltr'>mortuis</span> <span class='ocrx_word' id='word_1_55' title='bbox 730 593 939 632; x_wconf 84' lang='lat' dir='ltr'>cultoribus</span> <span class='ocrx_word' id='word_1_56' title='bbox 964 607 1051 633; x_wconf 85' lang='lat' dir='ltr'>arva</span> <span class='ocrx_word' id='word_1_57' title='bbox 1081 594 1330 645; x_wconf 75' lang='lat' dir='ltr'>squalebant,</span> 
     </span>
     <span class='ocr_line' id='line_1_8' title="bbox 58 655 1330 706; baseline 0.001 -12"><span class='ocrx_word' id='word_1_58' title='bbox 58 656 284 706; x_wconf 82' lang='lat' dir='ltr'>religionem</span> <span class='ocrx_word' id='word_1_59' title='bbox 315 657 446 705; x_wconf 80' lang='lat' dir='ltr'>injecit</span> <span class='ocrx_word' id='word_1_60' title='bbox 479 655 744 705; x_wconf 82' lang='lat' dir='ltr'>multitudini,</span> <span class='ocrx_word' id='word_1_61' title='bbox 778 656 914 694; x_wconf 89' lang='lat' dir='ltr'>merito</span> <span class='ocrx_word' id='word_1_62' title='bbox 950 656 1000 694; x_wconf 79' lang='lat' dir='ltr'>sic</span> <span class='ocrx_word' id='word_1_63' title='bbox 1031 656 1202 695; x_wconf 85' lang='lat' dir='ltr'>laborare</span> <span class='ocrx_word' id='word_1_64' title='bbox 1233 669 1330 695; x_wconf 85' lang='lat' dir='ltr'>rem-</span> 
     </span>
     <span class='ocr_line' id='line_1_9' title="bbox 59 716 1333 768; baseline 0 -12"><span class='ocrx_word' id='word_1_65' title='bbox 59 718 279 768; x_wconf 86' lang='lat' dir='ltr'>publicam,</span> <span class='ocrx_word' id='word_1_66' title='bbox 309 717 413 767; x_wconf 92' lang='lat' dir='ltr'>quod</span> <span class='ocrx_word' id='word_1_67' title='bbox 449 717 657 766; x_wconf 81' lang='lat' dir='ltr'>Augustum</span> <span class='ocrx_word' id='word_1_68' title='bbox 693 717 768 754; x_wconf 81' lang='lat' dir='ltr'>sine</span> <span class='ocrx_word' id='word_1_69' title='bbox 799 716 1015 766; x_wconf 84' lang='lat' dir='ltr'>magistratu</span> <span class='ocrx_word' id='word_1_70' title='bbox 1048 730 1157 767; x_wconf 84' lang='lat' dir='ltr'>agere</span> <span class='ocrx_word' id='word_1_71' title='bbox 1189 726 1333 767; x_wconf 86' lang='lat' dir='ltr'>patere-</span> 
     </span>
     <span class='ocr_line' id='line_1_10' title="bbox 56 777 1331 830; baseline -0.002 -11"><span class='ocrx_word' id='word_1_72' title='bbox 56 787 129 819; x_wconf 88' lang='lat' dir='ltr'>tur.</span> <span class='ocrx_word' id='word_1_73' title='bbox 148 779 287 830; x_wconf 79' lang='lat' dir='ltr'>Igitur,</span> <span class='ocrx_word' id='word_1_74' title='bbox 304 780 496 818; x_wconf 63' lang='lat' dir='ltr'>diffatorem</span> <span class='ocrx_word' id='word_1_75' title='bbox 514 779 709 826; x_wconf 83' lang='lat' dir='ltr'>dicendum,</span> <span class='ocrx_word' id='word_1_76' title='bbox 728 777 996 818; x_wconf 86' lang='lat' dir='ltr'>conclamant:</span> <span class='ocrx_word' id='word_1_77' title='bbox 1017 779 1065 817; x_wconf 87' lang='lat' dir='ltr'>ad</span> <span class='ocrx_word' id='word_1_78' title='bbox 1088 781 1230 817; x_wconf 84' lang='lat' dir='ltr'>curiam</span> <span class='ocrx_word' id='word_1_79' title='bbox 1248 792 1331 830; x_wconf 89' lang='lat' dir='ltr'>per-</span> 
     </span>
     <span class='ocr_line' id='line_1_11' title="bbox 57 840 1330 894; baseline -0.001 -15"><span class='ocrx_word' id='word_1_80' title='bbox 57 849 174 892; x_wconf 82' lang='lat' dir='ltr'>gunt3</span> <span class='ocrx_word' id='word_1_81' title='bbox 209 841 334 883; x_wconf 86' lang='lat' dir='ltr'>Patres</span> <span class='ocrx_word' id='word_1_82' title='bbox 366 842 438 893; x_wconf 78' lang='lat' dir='ltr'>lege</span> <span class='ocrx_word' id='word_1_83' title='bbox 463 842 640 894; x_wconf 64' lang='lat' dir='ltr'>sublatam</span> <span class='ocrx_word' id='word_1_84' title='bbox 674 843 873 880; x_wconf 50' lang='lat' dir='ltr'>duraturam</span> <span class='ocrx_word' id='word_1_85' title='bbox 909 840 1080 880; x_wconf 83' lang='lat' dir='ltr'>causatos</span> <span class='ocrx_word' id='word_1_86' title='bbox 1105 840 1330 888; x_wconf 83' lang='lat' dir='ltr'>includunt;</span> 
     </span>
     <span class='ocr_line' id='line_1_12' title="bbox 56 903 1332 956; baseline 0 -16"><span class='ocrx_word' id='word_1_87' title='bbox 56 904 94 940; x_wconf 81' lang='lat' dir='ltr'>ni</span> <span class='ocrx_word' id='word_1_88' title='bbox 121 903 307 956; x_wconf 82' lang='lat' dir='ltr'>postulatis</span> <span class='ocrx_word' id='word_1_89' title='bbox 344 905 424 956; x_wconf 77' lang='lat' dir='ltr'>suis</span> <span class='ocrx_word' id='word_1_90' title='bbox 465 904 743 954; x_wconf 71' lang='lat' dir='ltr'>ohfiqueremur,</span> <span class='ocrx_word' id='word_1_91' title='bbox 779 903 1002 941; x_wconf 79' lang='lat' dir='ltr'>incendium</span> <span class='ocrx_word' id='word_1_92' title='bbox 1046 903 1332 940; x_wconf 74' lang='lat' dir='ltr'>denuntiantes.</span> 
     </span>
     <span class='ocr_line' id='line_1_13' title="bbox 55 963 1331 1014; baseline -0.003 -9"><span class='ocrx_word' id='word_1_93' title='bbox 55 964 154 1005; x_wconf 81' lang='lat' dir='ltr'>Mox</span> <span class='ocrx_word' id='word_1_94' title='bbox 183 964 232 1003; x_wconf 88' lang='lat' dir='ltr'>ad</span> <span class='ocrx_word' id='word_1_95' title='bbox 257 964 367 1014; x_wconf 87' lang='lat' dir='ltr'>ips1us</span> <span class='ocrx_word' id='word_1_96' title='bbox 400 964 500 1002; x_wconf 85' lang='lat' dir='ltr'>fores</span> <span class='ocrx_word' id='word_1_97' title='bbox 528 965 714 1014; x_wconf 66' lang='lat' dir='ltr'>profecti,</span> <span class='ocrx_word' id='word_1_98' title='bbox 738 977 826 1003; x_wconf 87' lang='lat' dir='ltr'>cum</span> <span class='ocrx_word' id='word_1_99' title='bbox 859 975 1021 1014; x_wconf 87' lang='lat' dir='ltr'>quatuor</span> <span class='ocrx_word' id='word_1_100' title='bbox 1047 965 1082 1004; x_wconf 71' lang='grc' dir='ltr'>ἅ</span> <span class='ocrx_word' id='word_1_101' title='bbox 1118 964 1248 1013; x_wconf 83' lang='lat' dir='ltr'>viginti</span> <span class='ocrx_word' id='word_1_102' title='bbox 1270 963 1331 1001; x_wconf 88' lang='lat' dir='ltr'>fa-</span> 
     </span>
     <span class='ocr_line' id='line_1_14' title="bbox 52 1026 1330 1078; baseline -0.002 -13"><span class='ocrx_word' id='word_1_103' title='bbox 52 1026 207 1075; x_wconf 80' lang='lat' dir='ltr'>scibus,</span> <span class='ocrx_word' id='word_1_104' title='bbox 236 1026 290 1066; x_wconf 80' lang='lat' dir='ltr'>uti</span> <span class='ocrx_word' id='word_1_105' title='bbox 322 1027 550 1074; x_wconf 54' lang='lat' dir='ltr'>fimaturam,</span> <span class='ocrx_word' id='word_1_106' title='bbox 578 1027 613 1064; x_wconf 68' lang='grc' dir='ltr'>δ’</span> <span class='ocrx_word' id='word_1_107' title='bbox 637 1027 791 1078; x_wconf 83' lang='lat' dir='ltr'>exemplo</span> <span class='ocrx_word' id='word_1_108' title='bbox 830 1027 989 1078; x_wconf 82' lang='lat' dir='ltr'>Pompeji</span> <span class='ocrx_word' id='word_1_109' title='bbox 1023 1027 1231 1064; x_wconf 78' lang='lat' dir='ltr'>curationem</span> <span class='ocrx_word' id='word_1_110' title='bbox 1264 1040 1330 1062; x_wconf 82' lang='lat' dir='ltr'>an-</span> 
     </span>
     <span class='ocr_line' id='line_1_15' title="bbox 55 1087 1328 1142; baseline -0.001 -15"><span class='ocrx_word' id='word_1_111' title='bbox 55 1103 152 1127; x_wconf 81' lang='lat' dir='ltr'>nonce</span> <span class='ocrx_word' id='word_1_112' title='bbox 166 1090 377 1142; x_wconf 76' lang='lat' dir='ltr'>ficsciperet‚</span> <span class='ocrx_word' id='word_1_113' title='bbox 404 1097 618 1127; x_wconf 84' lang='lat' dir='ltr'>oraverunt.</span> <span class='ocrx_word' id='word_1_114' title='bbox 654 1089 724 1128; x_wconf 88' lang='lat' dir='ltr'>Ille</span> <span class='ocrx_word' id='word_1_115' title='bbox 751 1101 838 1127; x_wconf 89' lang='lat' dir='ltr'>cum</span> <span class='ocrx_word' id='word_1_116' title='bbox 869 1088 1080 1127; x_wconf 82' lang='lat' dir='ltr'>constanter</span> <span class='ocrx_word' id='word_1_117' title='bbox 1110 1087 1328 1127; x_wconf 72' lang='lat' dir='ltr'>excusando</span> 
     </span>
     <span class='ocr_line' id='line_1_16' title="bbox 54 1149 1328 1202; baseline 0 -13"><span class='ocrx_word' id='word_1_118' title='bbox 54 1163 190 1202; x_wconf 86' lang='lat' dir='ltr'>parum</span> <span class='ocrx_word' id='word_1_119' title='bbox 216 1159 387 1189; x_wconf 87' lang='lat' dir='ltr'>moveret</span> <span class='ocrx_word' id='word_1_120' title='bbox 404 1150 538 1201; x_wconf 83' lang='lat' dir='ltr'>vulgus</span> <span class='ocrx_word' id='word_1_121' title='bbox 553 1181 564 1198; x_wconf 89' lang='lat'>‚</span> <span class='ocrx_word' id='word_1_122' title='bbox 587 1149 690 1189; x_wconf 82' lang='lat' dir='ltr'>sciffa</span> <span class='ocrx_word' id='word_1_123' title='bbox 711 1150 832 1200; x_wconf 84' lang='lat' dir='ltr'>veste,</span> <span class='ocrx_word' id='word_1_124' title='bbox 863 1163 907 1189; x_wconf 85' lang='lat' dir='ltr'>ac</span> <span class='ocrx_word' id='word_1_125' title='bbox 930 1150 1032 1190; x_wconf 87' lang='lat' dir='ltr'>nudo</span> <span class='ocrx_word' id='word_1_126' title='bbox 1060 1152 1238 1201; x_wconf 67' lang='lat' dir='ltr'>petftore‚</span> <span class='ocrx_word' id='word_1_127' title='bbox 1265 1163 1328 1201; x_wconf 85' lang='lat' dir='ltr'>ge-</span> 
     </span>
    </p>
   </div>
   <div class='ocr_carea' id='block_1_3' title="bbox 53 1209 1327 1320">
    <p class='ocr_par' dir='ltr' id='par_1_3' title="bbox 53 1209 1327 1320">
     <span class='ocr_line' id='line_1_17' title="bbox 53 1209 588 1258; baseline -0.006 -8"><span class='ocrx_word' id='word_1_128' title='bbox 53 1223 105 1250; x_wconf 84' lang='lat' dir='ltr'>nu</span> <span class='ocrx_word' id='word_1_129' title='bbox 136 1210 244 1248; x_wconf 86' lang='lat' dir='ltr'>nixus</span> <span class='ocrx_word' id='word_1_130' title='bbox 273 1209 497 1258; x_wconf 83' lang='lat' dir='ltr'>deprecatus</span> <span class='ocrx_word' id='word_1_131' title='bbox 526 1209 588 1247; x_wconf 85' lang='lat' dir='ltr'>est.</span> 
     </span>
     <span class='ocr_line' id='line_1_18' title="bbox 106 1268 1327 1320; baseline -0.001 -10"><span class='ocrx_word' id='word_1_132' title='bbox 106 1269 211 1310; x_wconf 86' lang='lat' dir='ltr'>VIII.</span> <span class='ocrx_word' id='word_1_133' title='bbox 239 1271 463 1318; x_wconf 82' lang='lat' dir='ltr'>Annonam,</span> <span class='ocrx_word' id='word_1_134' title='bbox 494 1268 584 1308; x_wconf 87' lang='lat' dir='ltr'>licet</span> <span class='ocrx_word' id='word_1_135' title='bbox 611 1270 650 1308; x_wconf 86' lang='lat' dir='ltr'>id</span> <span class='ocrx_word' id='word_1_136' title='bbox 678 1283 829 1320; x_wconf 88' lang='lat' dir='ltr'>quoque</span> <span class='ocrx_word' id='word_1_137' title='bbox 857 1270 1020 1317; x_wconf 63' lang='lat' dir='ltr'>invitm,</span> <span class='ocrx_word' id='word_1_138' title='bbox 1051 1271 1196 1319; x_wconf 88' lang='lat' dir='ltr'>recepit</span> <span class='ocrx_word' id='word_1_139' title='bbox 1218 1282 1327 1309; x_wconf 87' lang='lat' dir='ltr'>cura-</span> 
     </span>
    </p>
   </div>
   <div class='ocr_carea' id='block_1_4' title="bbox 46 1331 1326 2373">
    <p class='ocr_par' dir='ltr' id='par_1_4' title="bbox 48 1331 1326 1814">
     <span class='ocr_line' id='line_1_19' title="bbox 52 1331 1326 1382; baseline -0.001 -11"><span class='ocrx_word' id='word_1_140' title='bbox 52 1340 207 1371; x_wconf 88' lang='lat' dir='ltr'>turum:</span> <span class='ocrx_word' id='word_1_141' title='bbox 247 1331 538 1381; x_wconf 75' lang='lat' dir='ltr'>constituitque,</span> <span class='ocrx_word' id='word_1_142' title='bbox 574 1340 615 1370; x_wconf 91' lang='lat' dir='ltr'>ut</span> <span class='ocrx_word' id='word_1_143' title='bbox 650 1345 698 1371; x_wconf 75' lang='lat' dir='ltr'>ex</span> <span class='ocrx_word' id='word_1_144' title='bbox 734 1334 940 1381; x_wconf 78' lang='lat' dir='ltr'>praetoriis,</span> <span class='ocrx_word' id='word_1_145' title='bbox 976 1332 1041 1382; x_wconf 84' lang='lat' dir='ltr'>qui</span> <span class='ocrx_word' id='word_1_146' title='bbox 1083 1331 1202 1370; x_wconf 85' lang='lat' dir='ltr'>sortiri</span> <span class='ocrx_word' id='word_1_147' title='bbox 1236 1344 1326 1381; x_wconf 67' lang='lat' dir='ltr'>proc</span> 
     </span>
     <span class='ocr_line' id='line_1_20' title="bbox 51 1393 1324 1442; baseline -0.003 -9"><span class='ocrx_word' id='word_1_148' title='bbox 51 1395 195 1434; x_wconf 87' lang='lat' dir='ltr'>vincias</span> <span class='ocrx_word' id='word_1_149' title='bbox 220 1393 427 1440; x_wconf 85' lang='lat' dir='ltr'>deberent,</span> <span class='ocrx_word' id='word_1_150' title='bbox 452 1393 532 1432; x_wconf 84' lang='lat' dir='ltr'>bini</span> <span class='ocrx_word' id='word_1_151' title='bbox 560 1395 764 1442; x_wconf 80' lang='lat' dir='ltr'>quotannis</span> <span class='ocrx_word' id='word_1_152' title='bbox 789 1394 981 1432; x_wconf 87' lang='lat' dir='ltr'>frumento</span> <span class='ocrx_word' id='word_1_153' title='bbox 1001 1393 1212 1432; x_wconf 86' lang='lat' dir='ltr'>dividundo</span> <span class='ocrx_word' id='word_1_154' title='bbox 1231 1405 1324 1441; x_wconf 70' lang='lat' dir='ltr'>prae-</span> 
     </span>
     <span class='ocr_line' id='line_1_21' title="bbox 51 1454 1321 1505; baseline -0.002 -10"><span class='ocrx_word' id='word_1_155' title='bbox 51 1455 180 1497; x_wconf 82' lang='lat' dir='ltr'>effent.</span> <span class='ocrx_word' id='word_1_156' title='bbox 219 1455 376 1495; x_wconf 87' lang='lat' dir='ltr'>Interim</span> <span class='ocrx_word' id='word_1_157' title='bbox 419 1455 587 1505; x_wconf 83' lang='lat' dir='ltr'>quaestori</span> <span class='ocrx_word' id='word_1_158' title='bbox 628 1456 688 1495; x_wconf 89' lang='lat' dir='ltr'>Ti.</span> <span class='ocrx_word' id='word_1_159' title='bbox 725 1456 871 1495; x_wconf 88' lang='lat' dir='ltr'>Neroni</span> <span class='ocrx_word' id='word_1_160' title='bbox 907 1455 1082 1494; x_wconf 87' lang='lat' dir='ltr'>curandae</span> <span class='ocrx_word' id='word_1_161' title='bbox 1110 1454 1321 1493; x_wconf 62' lang='lat' dir='ltr'>frumenta⁴</span> 
     </span>
     <span class='ocr_line' id='line_1_22' title="bbox 51 1516 1318 1566; baseline -0.002 -11"><span class='ocrx_word' id='word_1_162' title='bbox 51 1518 113 1555; x_wconf 84' lang='lat' dir='ltr'>riae</span> <span class='ocrx_word' id='word_1_163' title='bbox 143 1517 196 1555; x_wconf 87' lang='lat' dir='ltr'>rei</span> <span class='ocrx_word' id='word_1_164' title='bbox 226 1516 426 1566; x_wconf 90' lang='lat' dir='ltr'>negotium</span> <span class='ocrx_word' id='word_1_165' title='bbox 451 1516 595 1555; x_wconf 87' lang='lat' dir='ltr'>datum.</span> <span class='ocrx_word' id='word_1_166' title='bbox 632 1517 713 1555; x_wconf 90' lang='lat' dir='ltr'>Nec</span> <span class='ocrx_word' id='word_1_167' title='bbox 746 1517 973 1556; x_wconf 63' lang='lat' dir='ltr'>dictaturam</span> <span class='ocrx_word' id='word_1_168' title='bbox 1006 1524 1155 1555; x_wconf 87' lang='lat' dir='ltr'>tantum</span> <span class='ocrx_word' id='word_1_169' title='bbox 1186 1516 1318 1554; x_wconf 83' lang='lat' dir='ltr'>abnuit</span> 
     </span>
     <span class='ocr_line' id='line_1_23' title="bbox 51 1576 1322 1630; baseline -0.003 -11"><span class='ocrx_word' id='word_1_170' title='bbox 51 1578 195 1626; x_wconf 78' lang='lat' dir='ltr'>Caesar3</span> <span class='ocrx_word' id='word_1_171' title='bbox 221 1577 288 1616; x_wconf 89' lang='lat' dir='ltr'>sed</span> <span class='ocrx_word' id='word_1_172' title='bbox 322 1576 517 1616; x_wconf 85' lang='lat' dir='ltr'>censuram</span> <span class='ocrx_word' id='word_1_173' title='bbox 551 1579 666 1617; x_wconf 86' lang='lat' dir='ltr'>etiam</span> <span class='ocrx_word' id='word_1_174' title='bbox 697 1588 921 1630; x_wconf 86' lang='lat' dir='ltr'>perpetuam</span> <span class='ocrx_word' id='word_1_175' title='bbox 955 1587 1106 1629; x_wconf 85' lang='lat' dir='ltr'>rogatus</span> <span class='ocrx_word' id='word_1_176' title='bbox 1150 1580 1322 1628; x_wconf 82' lang='lat' dir='ltr'>accipere</span> 
     </span>
     <span class='ocr_line' id='line_1_24' title="bbox 49 1638 1320 1690; baseline 0 -10"><span class='ocrx_word' id='word_1_177' title='bbox 49 1640 188 1680; x_wconf 87' lang='lat' dir='ltr'>noluit.</span> <span class='ocrx_word' id='word_1_178' title='bbox 227 1638 428 1689; x_wconf 85' lang='lat' dir='ltr'>statimque</span> <span class='ocrx_word' id='word_1_179' title='bbox 463 1639 671 1690; x_wconf 62' lang='lat' dir='ltr'>designavit</span> <span class='ocrx_word' id='word_1_180' title='bbox 701 1641 821 1688; x_wconf 88' lang='lat' dir='ltr'>alios,</span> <span class='ocrx_word' id='word_1_181' title='bbox 850 1640 1020 1680; x_wconf 78' lang='lat' dir='ltr'>Paullum</span> <span class='ocrx_word' id='word_1_182' title='bbox 1050 1639 1243 1680; x_wconf 79' lang='lat' dir='ltr'>AEmilium</span> <span class='ocrx_word' id='word_1_183' title='bbox 1279 1640 1320 1680; x_wconf 93' lang='lat' dir='ltr'>L.</span> 
     </span>
     <span class='ocr_line' id='line_1_25' title="bbox 48 1702 1324 1753; baseline 0 -11"><span class='ocrx_word' id='word_1_184' title='bbox 48 1702 91 1746; x_wconf 86' lang='lat' dir='ltr'>F.</span> <span class='ocrx_word' id='word_1_185' title='bbox 123 1702 179 1743; x_wconf 78' lang='lat' dir='ltr'>M.</span> <span class='ocrx_word' id='word_1_186' title='bbox 216 1702 262 1741; x_wconf 92' lang='lat' dir='ltr'>N.</span> <span class='ocrx_word' id='word_1_187' title='bbox 289 1702 504 1751; x_wconf 83' lang='lat' dir='ltr'>Lepidum,</span> <span class='ocrx_word' id='word_1_188' title='bbox 530 1703 570 1743; x_wconf 88' lang='lat' dir='ltr'>L.</span> <span class='ocrx_word' id='word_1_189' title='bbox 604 1704 829 1743; x_wconf 75' lang='lat' dir='ltr'>munacium</span> <span class='ocrx_word' id='word_1_190' title='bbox 866 1703 1064 1750; x_wconf 80' lang='lat' dir='ltr'>Plancum,</span> <span class='ocrx_word' id='word_1_191' title='bbox 1095 1717 1255 1753; x_wconf 87' lang='lat' dir='ltr'>quorum</span> <span class='ocrx_word' id='word_1_192' title='bbox 1271 1704 1324 1742; x_wconf 86' lang='lat' dir='ltr'>al-</span> 
     </span>
     <span class='ocr_line' id='line_1_26' title="bbox 50 1762 1114 1814; baseline 0.002 -11"><span class='ocrx_word' id='word_1_193' title='bbox 50 1773 108 1806; x_wconf 87' lang='lat' dir='ltr'>ter</span> <span class='ocrx_word' id='word_1_194' title='bbox 132 1763 364 1813; x_wconf 83' lang='lat' dir='ltr'>proscriptus</span> <span class='ocrx_word' id='word_1_195' title='bbox 397 1762 476 1813; x_wconf 84' lang='lat' dir='ltr'>ipse</span> <span class='ocrx_word' id='word_1_196' title='bbox 504 1764 647 1812; x_wconf 87' lang='lat' dir='ltr'>fuerat,</span> <span class='ocrx_word' id='word_1_197' title='bbox 675 1765 739 1803; x_wconf 88' lang='lat' dir='ltr'>hic</span> <span class='ocrx_word' id='word_1_198' title='bbox 770 1765 966 1814; x_wconf 82' lang='lat' dir='ltr'>proscripti</span> <span class='ocrx_word' id='word_1_199' title='bbox 990 1765 1114 1805; x_wconf 83' lang='lat' dir='ltr'>frater.</span> 
     </span>
    </p>

    <p class='ocr_par' dir='ltr' id='par_1_5' title="bbox 46 1825 1321 2373">
     <span class='ocr_line' id='line_1_27' title="bbox 126 1825 1321 1877; baseline -0.003 -10"><span class='ocrx_word' id='word_1_200' title='bbox 126 1828 206 1867; x_wconf 82' lang='lat' dir='ltr'>IX.</span> <span class='ocrx_word' id='word_1_201' title='bbox 241 1827 295 1866; x_wconf 89' lang='lat' dir='ltr'>Hi</span> <span class='ocrx_word' id='word_1_202' title='bbox 340 1826 552 1866; x_wconf 88' lang='lat' dir='ltr'>discordem</span> <span class='ocrx_word' id='word_1_203' title='bbox 589 1829 780 1866; x_wconf 87' lang='lat' dir='ltr'>censuram</span> <span class='ocrx_word' id='word_1_204' title='bbox 804 1858 815 1875; x_wconf 87' lang='lat'>‚</span> <span class='ocrx_word' id='word_1_205' title='bbox 853 1840 1063 1877; x_wconf 86' lang='lat' dir='ltr'>parumque</span> <span class='ocrx_word' id='word_1_206' title='bbox 1102 1825 1321 1876; x_wconf 59' lang='lat' dir='ltr'>reipublicae</span> 
     </span>
     <span class='ocr_line' id='line_1_28' title="bbox 47 1889 1321 1940; baseline -0.005 -9"><span class='ocrx_word' id='word_1_207' title='bbox 47 1890 184 1932; x_wconf 90' lang='lat' dir='ltr'>utilem</span> <span class='ocrx_word' id='word_1_208' title='bbox 215 1897 395 1939; x_wconf 86' lang='lat' dir='ltr'>egerunt:</span> <span class='ocrx_word' id='word_1_209' title='bbox 423 1902 546 1939; x_wconf 89' lang='lat' dir='ltr'>neque</span> <span class='ocrx_word' id='word_1_210' title='bbox 569 1890 598 1928; x_wconf 90' lang='lat' dir='ltr'>is</span> <span class='ocrx_word' id='word_1_211' title='bbox 629 1890 752 1929; x_wconf 88' lang='lat' dir='ltr'>honor</span> <span class='ocrx_word' id='word_1_212' title='bbox 779 1890 908 1940; x_wconf 86' lang='lat' dir='ltr'>postea</span> <span class='ocrx_word' id='word_1_213' title='bbox 946 1890 1121 1938; x_wconf 87' lang='lat' dir='ltr'>cuiquam</span> <span class='ocrx_word' id='word_1_214' title='bbox 1148 1889 1321 1937; x_wconf 81' lang='lat' dir='ltr'>privato-</span> 
     </span>
     <span class='ocr_line' id='line_1_29' title="bbox 48 1949 1320 2003; baseline -0.002 -12"><span class='ocrx_word' id='word_1_215' title='bbox 48 1965 135 1991; x_wconf 83' lang='lat' dir='ltr'>rum</span> <span class='ocrx_word' id='word_1_216' title='bbox 166 1950 327 1990; x_wconf 85' lang='lat' dir='ltr'>tributus</span> <span class='ocrx_word' id='word_1_217' title='bbox 362 1952 424 1991; x_wconf 90' lang='lat' dir='ltr'>est.</span> <span class='ocrx_word' id='word_1_218' title='bbox 454 1965 502 1991; x_wconf 85' lang='lat' dir='ltr'>ne</span> <span class='ocrx_word' id='word_1_219' title='bbox 547 1953 738 2003; x_wconf 87' lang='lat' dir='ltr'>principes</span> <span class='ocrx_word' id='word_1_220' title='bbox 775 1953 958 2002; x_wconf 74' lang='lat' dir='ltr'>quidem,</span> <span class='ocrx_word' id='word_1_221' title='bbox 994 1958 1083 1988; x_wconf 87' lang='lat' dir='ltr'>ante</span> <span class='ocrx_word' id='word_1_222' title='bbox 1116 1949 1320 1989; x_wconf 82' lang='lat' dir='ltr'>Claudium</span> 
     </span>
     <span class='ocr_line' id='line_1_30' title="bbox 49 2012 1321 2067; baseline -0.006 -12"><span class='ocrx_word' id='word_1_223' title='bbox 49 2013 252 2062; x_wconf 84' lang='lat' dir='ltr'>Caesarem,</span> <span class='ocrx_word' id='word_1_224' title='bbox 281 2024 516 2065; x_wconf 83' lang='lat' dir='ltr'>receperunt.</span> <span class='ocrx_word' id='word_1_225' title='bbox 545 2016 589 2056; x_wconf 88' lang='lat' dir='ltr'>Id</span> <span class='ocrx_word' id='word_1_226' title='bbox 620 2015 868 2067; x_wconf 68' lang='lat' dir='ltr'>significatum</span> <span class='ocrx_word' id='word_1_227' title='bbox 895 2016 1024 2053; x_wconf 86' lang='lat' dir='ltr'>omine</span> <span class='ocrx_word' id='word_1_228' title='bbox 1053 2013 1214 2051; x_wconf 84' lang='lat' dir='ltr'>credidit</span> <span class='ocrx_word' id='word_1_229' title='bbox 1238 2012 1321 2051; x_wconf 86' lang='lat' dir='ltr'>vul-</span> 
     </span>
     <span class='ocr_line' id='line_1_31' title="bbox 48 2075 1320 2128; baseline -0.002 -13"><span class='ocrx_word' id='word_1_230' title='bbox 48 2089 137 2128; x_wconf 85' lang='lat' dir='ltr'>gus,</span> <span class='ocrx_word' id='word_1_231' title='bbox 161 2077 264 2126; x_wconf 89' lang='lat' dir='ltr'>quod</span> <span class='ocrx_word' id='word_1_232' title='bbox 294 2077 413 2126; x_wconf 88' lang='lat' dir='ltr'>prima</span> <span class='ocrx_word' id='word_1_233' title='bbox 450 2078 680 2128; x_wconf 83' lang='lat' dir='ltr'>magistratus</span> <span class='ocrx_word' id='word_1_234' title='bbox 717 2079 778 2116; x_wconf 91' lang='lat' dir='ltr'>die</span> <span class='ocrx_word' id='word_1_235' title='bbox 805 2075 995 2123; x_wconf 81' lang='lat' dir='ltr'>tribunal,</span> <span class='ocrx_word' id='word_1_236' title='bbox 1022 2076 1062 2113; x_wconf 87' lang='lat' dir='ltr'>in</span> <span class='ocrx_word' id='word_1_237' title='bbox 1091 2088 1166 2124; x_wconf 83' lang='lat' dir='ltr'>quo</span> <span class='ocrx_word' id='word_1_238' title='bbox 1190 2076 1320 2114; x_wconf 86' lang='lat' dir='ltr'>censo-</span> 
     </span>
     <span class='ocr_line' id='line_1_32' title="bbox 46 2137 1316 2189; baseline -0.002 -11"><span class='ocrx_word' id='word_1_239' title='bbox 46 2152 106 2178; x_wconf 87' lang='lat' dir='ltr'>res</span> <span class='ocrx_word' id='word_1_240' title='bbox 134 2137 404 2187; x_wconf 85' lang='lat' dir='ltr'>consederant,</span> <span class='ocrx_word' id='word_1_241' title='bbox 434 2140 594 2179; x_wconf 56' lang='lat' dir='ltr'>fractum</span> <span class='ocrx_word' id='word_1_242' title='bbox 627 2140 710 2178; x_wconf 86' lang='lat' dir='ltr'>fuit.</span> <span class='ocrx_word' id='word_1_243' title='bbox 751 2139 956 2189; x_wconf 80' lang='lat' dir='ltr'>Augustus,</span> <span class='ocrx_word' id='word_1_244' title='bbox 977 2152 1063 2178; x_wconf 85' lang='lat' dir='ltr'>cum</span> <span class='ocrx_word' id='word_1_245' title='bbox 1090 2140 1236 2188; x_wconf 83' lang='lat' dir='ltr'>Lepido</span> <span class='ocrx_word' id='word_1_246' title='bbox 1261 2140 1316 2177; x_wconf 88' lang='lat' dir='ltr'>vis</span> 
     </span>
     <span class='ocr_line' id='line_1_33' title="bbox 46 2198 1314 2250; baseline -0.001 -12"><span class='ocrx_word' id='word_1_247' title='bbox 46 2209 161 2249; x_wconf 76' lang='lat' dir='ltr'>atque</span> <span class='ocrx_word' id='word_1_248' title='bbox 194 2198 394 2245; x_wconf 85' lang='lat' dir='ltr'>industria,</span> <span class='ocrx_word' id='word_1_249' title='bbox 418 2199 557 2238; x_wconf 79' lang='lat' dir='ltr'>Planco</span> <span class='ocrx_word' id='word_1_250' title='bbox 587 2208 742 2249; x_wconf 83' lang='lat' dir='ltr'>propter</span> <span class='ocrx_word' id='word_1_251' title='bbox 773 2199 888 2237; x_wconf 87' lang='lat' dir='ltr'>vitam</span> <span class='ocrx_word' id='word_1_252' title='bbox 923 2200 1080 2250; x_wconf 81' lang='lat' dir='ltr'>turpiter</span> <span class='ocrx_word' id='word_1_253' title='bbox 1111 2202 1232 2238; x_wconf 59' lang='lat' dir='ltr'>at‘tam</span> <span class='ocrx_word' id='word_1_254' title='bbox 1250 2211 1314 2237; x_wconf 85' lang='lat' dir='ltr'>au-</span> 
     </span>
     <span class='ocr_line' id='line_1_34' title="bbox 49 2259 1315 2312; baseline -0.002 -12"><span class='ocrx_word' id='word_1_255' title='bbox 49 2261 200 2300; x_wconf 66' lang='lat' dir='ltr'>&amp;oritas</span> <span class='ocrx_word' id='word_1_256' title='bbox 235 2260 403 2298; x_wconf 87' lang='lat' dir='ltr'>censoria</span> <span class='ocrx_word' id='word_1_257' title='bbox 433 2274 511 2299; x_wconf 91' lang='lat' dir='ltr'>non</span> <span class='ocrx_word' id='word_1_258' title='bbox 551 2260 704 2307; x_wconf 68' lang='lat' dir='ltr'>inesset,</span> <span class='ocrx_word' id='word_1_259' title='bbox 738 2259 932 2310; x_wconf 88' lang='lat' dir='ltr'>plerasque</span> <span class='ocrx_word' id='word_1_260' title='bbox 964 2262 1198 2312; x_wconf 80' lang='lat' dir='ltr'>magistratus</span> <span class='ocrx_word' id='word_1_261' title='bbox 1232 2263 1315 2307; x_wconf 70' lang='lat' dir='ltr'>eJ&#39;us</span> 
     </span>
     <span class='ocr_line' id='line_1_35' title="bbox 46 2319 1307 2373; baseline 0.001 -14"><span class='ocrx_word' id='word_1_262' title='bbox 46 2328 170 2373; x_wconf 76' lang='lat' dir='ltr'>partes</span> <span class='ocrx_word' id='word_1_263' title='bbox 194 2319 272 2371; x_wconf 81' lang='lat' dir='ltr'>ipse</span> <span class='ocrx_word' id='word_1_264' title='bbox 295 2321 402 2360; x_wconf 81' lang='lat' dir='ltr'>obiit.</span> <span class='ocrx_word' id='word_1_265' title='bbox 422 2321 467 2361; x_wconf 83' lang='lat' dir='ltr'>Id</span> <span class='ocrx_word' id='word_1_266' title='bbox 494 2335 607 2372; x_wconf 85' lang='lat' dir='ltr'>quam</span> <span class='ocrx_word' id='word_1_267' title='bbox 630 2322 743 2361; x_wconf 85' lang='lat' dir='ltr'>fuerit</span> <span class='ocrx_word' id='word_1_268' title='bbox 769 2322 1013 2363; x_wconf 64' lang='lat' dir='ltr'>necessarium</span> <span class='ocrx_word' id='word_1_269' title='bbox 1029 2355 1038 2372; x_wconf 88' lang='lat'>‚</span> <span class='ocrx_word' id='word_1_270' title='bbox 1065 2323 1123 2361; x_wconf 82' lang='lat' dir='ltr'>vel</span> <span class='ocrx_word' id='word_1_271' title='bbox 1148 2324 1236 2361; x_wconf 80' lang='lat' dir='ltr'>inde</span> <span class='ocrx_word' id='word_1_272' title='bbox 1255 2322 1307 2360; x_wconf 84' lang='lat' dir='ltr'>in-</span> 
     </span>
    </p>
   </div>
   <div class='ocr_carea' id='block_1_5' title="bbox 48 2439 1313 2530">
    <p class='ocr_par' dir='ltr' id='par_1_6' title="bbox 48 2439 1313 2530">
     <span class='ocr_line' id='line_1_36' title="bbox 48 2439 1313 2488; baseline 0.003 -17"><span class='ocrx_word' id='word_1_273' title='bbox 48 2484 56 2487; x_wconf 23' lang='lat'>&gt;</span> <span class='ocrx_word' id='word_1_274' title='bbox 92 2440 113 2483; x_wconf 67' lang='grc' dir='ltr'>ξ</span> <span class='ocrx_word' id='word_1_275' title='bbox 146 2439 222 2472; x_wconf 81' lang='lat' dir='ltr'>VH.</span> <span class='ocrx_word' id='word_1_276' title='bbox 246 2440 325 2472; x_wconf 79' lang='lat' dir='ltr'>Dio.</span> <span class='ocrx_word' id='word_1_277' title='bbox 353 2441 373 2485; x_wconf 81' lang='lat'>§</span> <span class='ocrx_word' id='word_1_278' title='bbox 394 2442 482 2476; x_wconf 64' lang='lat' dir='ltr'>vm.</span> <span class='ocrx_word' id='word_1_279' title='bbox 507 2441 627 2486; x_wconf 68' lang='lat' dir='ltr'>Vellei.</span> <span class='ocrx_word' id='word_1_280' title='bbox 652 2453 686 2485; x_wconf 75' lang='lat'>2,</span> <span class='ocrx_word' id='word_1_281' title='bbox 706 2441 757 2485; x_wconf 69' lang='lat'>89.</span> <span class='ocrx_word' id='word_1_282' title='bbox 777 2443 917 2478; x_wconf 73' lang='lat' dir='ltr'>Sueton.</span> <span class='ocrx_word' id='word_1_283' title='bbox 935 2444 968 2476; x_wconf 90' lang='lat' dir='ltr'>in</span> <span class='ocrx_word' id='word_1_284' title='bbox 989 2442 1073 2488; x_wconf 75' lang='lat' dir='ltr'>Aug.</span> <span class='ocrx_word' id='word_1_285' title='bbox 1095 2454 1124 2475; x_wconf 88' lang='lat' dir='ltr'>c.</span> <span class='ocrx_word' id='word_1_286' title='bbox 1151 2452 1202 2484; x_wconf 83' lang='lat'>52.</span> <span class='ocrx_word' id='word_1_287' title='bbox 1222 2441 1313 2476; x_wconf 84' lang='lat' dir='ltr'>Dio.</span> 
     </span>
     <span class='ocr_line' id='line_1_37' title="bbox 49 2484 343 2530; baseline 0 -11"><span class='ocrx_word' id='word_1_288' title='bbox 49 2485 123 2530; x_wconf 46' lang='lat' dir='ltr'>Vah</span> <span class='ocrx_word' id='word_1_289' title='bbox 145 2484 236 2518; x_wconf 75' lang='lat' dir='ltr'>Max.</span> <span class='ocrx_word' id='word_1_290' title='bbox 255 2487 293 2526; x_wconf 79' lang='lat'>6,</span> <span class='ocrx_word' id='word_1_291' title='bbox 312 2484 343 2520; x_wconf 71' lang='grc' dir='ltr'>Ξ,</span> 
     </span>
    </p>
   </div>
  </div>
 </body>
</html>
