1617 2963
149 185 232 234 Jo.
259 185 344 232 fn.
372 160 610 231 SUPP.1N
626 184 769 231 ωε.
789 186 836 231 L.
856 184 1088 233 cxxxii.
1110 186 1220 230 mv,
1289 203 1315 247 9
1330 201 1347 231 ι

78 292 278 343 disceptari
303 292 570 332 controversias
594 293 688 332 rati:
710 306 801 331 mox
818 294 871 331 ire
889 295 1143 340 abnuentem,
1161 293 1269 343 finito
1276 291 1354 345 jam

74 355 314 393 triumviratus
342 363 508 407 tempore3
554 355 637 391 zcun'
665 368 776 404 nuper
799 355 1022 406 promistſjet,
1057 357 1218 407 deponere
1242 356 1351 407 magi-

67 417 212 468 stratum
226 417 413 465 juberent.
437 415 590 456 InterIm
612 414 695 456 Kal.
718 416 906 463 Januariis
927 419 1017 456 novi
1036 417 1166 457 Romae
1182 416 1357 456 consules

76 478 208 518 ineunt
236 480 304 519 Cn.
326 479 519 519 Domitius
540 478 610 518 Cn.
626 479 742 518 Dom.
772 478 814 518 F.
842 479 1145 529 Ahenobarbus,
1167 480 1208 519 C.
1234 480 1357 519 Sofius

78 540 119 582 C.
148 541 189 581 F.
222 555 383 592 quorum
417 542 610 582 Domitius
637 541 809 581 civilium
835 543 1091 581 certaminum
1123 543 1358 593 experientia

76 604 247 652 cautior,
280 604 486 644 modestius
515 604 679 654 agebat:
711 603 831 650 alter,
856 602 969 642 nullis
997 605 1088 643 dum
1116 605 1360 643 conflictatus

75 665 467 717 infortuniis‚.primo
490 666 614 705 statim
639 665 771 704 senatu
796 665 917 704 multa
945 677 1032 702 cum
1059 664 1172 704 laude
1203 665 1361 706 Antonii

76 726 260 767 Caesarem
285 729 431 778 arguit;
454 728 712 777 tendebatque
728 757 739 775 ,
762 735 805 765 ut
822 726 1186 765 senatusconsultum
1205 727 1360 766 rationi-¹

72 788 147 829 bus
170 792 249 838 ejus
270 801 453 840 perquam
479 788 678 829 adversum
700 787 835 834 fieret,
867 789 904 826 ni
934 789 1083 828 Nonius
1109 788 1246 828 Balbus
1266 801 1360 839 prae·

74 849 280 901 scriptione
306 851 493 891 tribunitii
519 851 685 891 nominis
713 849 979 891 interceffiffet.

132 920 178 959 H.
215 920 354 960 Aberat
377 930 458 959 tum
483 919 655 959 consulto
682 920 823 968 Caesar,
844 920 978 959 nolens
1002 920 1038 959 se
1060 920 1227 970 praebere
1251 920 1360 959 alter.

77 981 292 1020 cationibus
308 1011 319 1030 ,
345 983 483 1032 quibus
507 995 631 1032 neque
659 983 820 1031 cedere,
843 982 917 1021 fine
944 983 1141 1032 dignitatis
1175 982 1359 1020 imminu-

75 1044 183 1082 tione
196 1043 336 1093 poffet3
351 1046 407 1092 ἃ,
424 1044 447 1082 fi
463 1044 616 1094 quidem
633 1046 838 1093 imperium
857 1044 1067 1092 inhiberet,
1086 1043 1268 1082 inchoare
1282 1041 1361 1081 bel-

75 1105 158 1145 lum
189 1106 389 1146 videretur.
420 1107 545 1146 Etiam
579 1107 627 1146 ad
657 1107 787 1146 omnia
817 1107 1000 1146 maturius
1025 1106 1244 1156 pensitanda
1276 1104 1360 1154 spa-

75 1169 172 1207 tium
202 1169 334 1219 petifl'e
365 1170 587 1209 videbatur:
620 1183 695 1220 quo
725 1171 935 1220 prudenter
964 1170 1074 1218 usus,
1100 1168 1206 1208 simul
1235 1180 1361 1207 rever*⁷

74 1230 134 1270 sus
159 1231 324 1271 Romam
343 1232 414 1279 est,
439 1232 645 1271 convocari
668 1231 837 1270 senatum
865 1231 977 1281 juffit.
1011 1233 1070 1269 Eo
1092 1244 1255 1282 tempore,
1274 1229 1361 1283 prce-

74 1305 127 1331 ter
148 1294 295 1332 militare
323 1295 534 1347 pmfidium,
557 1295 680 1332 Amicis
712 1296 813 1333 etiam
840 1294 1010 1347 pugiones
1029 1294 1097 1346 sub
1116 1294 1200 1345 veste
1225 1295 1361 1346 gestan-

73 1354 191 1402 tibus,
222 1356 260 1393 in
295 1355 422 1399 medio,
443 1355 619 1407 consulum
650 1355 761 1394 curuli
797 1354 883 1405 Μία
921 1355 1118 1407 sedentem,
1151 1354 1262 1391 multa
1292 1368 1360 1405 pro

66 1416 108 1468 se
130 1416 271 1468 fiu'fiJue
303 1415 391 1453 anis
421 1417 561 1467 modeste
595 1416 745 1453 locutum
777 1414 957 1454 tradunt:
976 1414 1085 1465 flexit
1098 1415 1138 1466 se
1162 1415 1285 1451 deinde
1312 1414 1364 1451 ad

76 1477 232 1517 Antonii
265 1478 543 1530 *decusatim-em,
574 1478 813 1530 praesentisque
843 1477 1020 1529 consulis,
1054 1476 1181 1527 quibus
1207 1476 1361 1528 plurima

75 1556 118 1580 ac
136 1542 261 1592 gravia
287 1554 406 1579 contra
424 1542 463 1593 se
487 1540 522 1578 6·
558 1540 798 1592 rempublicam
826 1538 997 1590 commzſja
1028 1539 1232 1591 objeaabat.
1259 1539 1360 1580 Cum

77 1603 126 1642 ad
157 1601 238 1641 haec
267 1601 457 1641 silentium
485 1603 661 1652 pertinax
692 1601 865 1640 omnium
894 1600 1009 1649 esset,
1035 1602 1152 1638 eadem
1170 1602 1209 1653 fi
1224 1602 1361 1654 scripto

76 1662 383 1715 comprehensurum
403 1663 477 1711 ait,
491 1665 525 1703 δ’
546 1676 638 1702 certa
662 1664 740 1712 die,
758 1665 794 1701 in
813 1676 909 1716 quem
926 1663 1088 1715 senatum
1107 1664 1223 1702 iterum
1238 1665 1361 1702 habere

73 1726 239 1774 volebat,
272 1727 503 1765 recitaturum.
544 1727 644 1766 Tum
681 1725 880 1774 consules,
916 1739 994 1764 non
1025 1726 1237 1775 exspectata
1266 1727 1359 1774 die,

77 1789 182 1838 quod
207 1795 332 1827 tacere
360 1788 410 1827 ad
441 1787 529 1826 talia
563 1795 642 1827 tam
676 1789 881 1838 indignum
911 1787 1022 1837 ipfis,
1055 1801 1168 1837 quam
1198 1787 1361 1838 obloqui

76 1849 243 1888 intutum
269 1848 492 1897 videbatur,
519 1849 568 1888 ad
593 1849 802 1888 Antonium
824 1849 988 1899 profecti
1012 1849 1117 1898 sunt3
1141 1849 1270 1888 multis
1292 1850 1360 1889 Pa„

78 1918 178 1951 trum
203 1910 280 1950 hoc
303 1909 525 1961 exemplum
555 1908 812 1961 sequentibus.

139 1981 207 2021 ΙΙΙ.
239 1981 314 2021 Sed
341 1980 487 2028 Caesar,
516 1993 565 2020 ne
596 1988 755 2031 propter
782 1979 888 2020 suam
912 1980 1079 2032 aliquam
1104 1980 1282 2030 injuriam
1306 1979 1356 2019 ab

76 2043 135 2083 his
163 2041 332 2081 desertus
364 2050 585 2092 putaretur,
619 2056 640 2081 a
663 2042 700 2081 se
721 2042 857 2093 sponte
885 2043 1054 2082 dimissos
1076 2043 1179 2082 credi
1202 2042 1356 2085 maluit:

78 2118 230 2156 quoque
256 2105 400 2143 faceret
425 2104 544 2146 fidem
559 2135 571 2153 ‚
593 2106 679 2143 aliis
704 2106 807 2144 etiam
832 2106 1003 2159 indulgere
1014 2108 1054 2160 ft
1073 2107 1193 2154 dixit,
1213 2108 1263 2144 ad
1276 2107 1358 2144 An.³

76 2169 205 2207 eonium
227 2167 399 2220 proficzfii
422 2169 653 2220 cupientibus.
693 2168 749 2208 Ita
780 2169 1059 2210 discedentibus
1084 2183 1131 2210 ex
1154 2170 1247 2210 urbe
1268 2182 1358 2219 prov

77 2229 235 2281 pinquis
265 2231 346 2277 ejus
368 2229 573 2280 amicisque
589 2261 600 2279 ‚
626 2230 668 2270 C.
694 2232 839 2271 Asinius
864 2232 1003 2281 Pollio,
1035 2232 1097 2283 qui
1124 2232 1208 2283 post
1230 2232 1356 2271 Brun-2

80 2292 237 2331 difinam
277 2303 410 2341 pacem
453 2292 566 2330 rebus
603 2293 757 2332 Antonii
791 2293 937 2333 misceri
971 2295 1150 2341 desierat,
1178 2294 1217 2332 in
1246 2292 1354 2332 Italia

79 2354 223 2394 manfit.
252 2354 355 2394 idem
379 2367 502 2406 neque
525 2354 657 2396 Caesari
686 2356 867 2409 deinoeps
884 2389 896 2406 ῃ
921 2358 1071 2409 roganti
1086 2386 1097 2406 ὓ
1122 2368 1160 2395 ut
1176 2356 1288 2409 secum
1306 2353 1357 2393 ad

127 2488 149 2532 g
180 2489 202 2520 1.
229 2488 316 2522 Plut.
338 2490 416 2524 Diu⁷
