1617 2963
228 157 304 204 ΙΝ
346 155 512 202 LOC.
552 154 688 201 LIB.
726 151 976 200 CXXXVI
1023 152 1160 200 LIV.
1246 170 1337 218 253

71 263 207 313 potuit.
232 264 325 312 Cajo
351 263 490 302 deinde
509 261 674 307 Furnio,
698 260 738 299 C.
759 259 799 298 F.
829 260 871 299 C.
900 259 1016 308 Junio
1038 259 1170 300 Silano
1198 260 1341 300 consu-⁴

70 324 194 372 libus,
221 324 288 363 sub
312 326 514 375 Apennino
540 324 581 361 in
604 321 690 361 villa
711 321 824 360 Liviae
845 323 991 371 ingenti
1021 330 1128 361 motu
1150 331 1248 365 terra
1272 331 1344 362 tre-

68 387 179 424 muit.
208 386 288 425 Fax
314 388 354 425 in
379 385 478 424 coelo
495 415 506 432 ,
543 397 563 423 a
590 382 748 421 meridie
776 383 825 420 ad
861 382 1020 422 Boream
1058 385 1312 423 transcurrens
1331 414 1344 434 ‚

71 447 121 485 ad
154 447 437 486 similitudinem
478 447 618 485 diurnae
654 445 748 483 lucis
776 446 928 482 nostem
961 444 1169 486 illustravit.
1215 448 1343 486 Turris

69 506 271 549 hortorum
305 509 456 548 Caesaris
485 510 534 547 ad
573 515 721 557 portam
756 505 946 545 Collinam
980 507 1142 547 fulmine
1177 508 1344 559 percussa

68 569 133 619 est.
172 570 321 619 Quibus
350 570 452 609 haud
480 569 641 620 perinde
667 577 888 607 commotus
914 568 1013 615 fuit,
1048 582 1163 619 quam
1193 583 1345 609 recrea·-

64 638 126 669 tus
150 633 387 670 incremento
415 633 552 670 domus
588 630 671 669 suae.
712 630 813 670 Tum
846 630 948 668 enim
979 629 1141 669 alterum
1167 634 1344 681 Agrippae

63 691 188 731 filium
216 693 316 740 Julia
343 693 511 742 peperit,
536 693 602 742 qui
623 691 762 730 Lucius
790 692 841 729 cst
863 689 1093 740 appellatus.
1119 692 1233 731 Hunc
1255 704 1345 732 cum.

65 751 182 791 fratre
206 754 299 802 Cajo
324 753 447 791 statim
472 753 669 803 adoptavit
690 751 834 798 Caesar,
854 763 921 801 per
944 764 992 790 aes
1019 752 1054 790 &
1081 749 1216 789 libram
1238 765 1258 790 a
1281 765 1347 801 pa.

66 822 124 852 tre
156 827 216 853 em
237 827 302 863 os,
336 815 450 853 veteri
488 827 618 862 more,
650 814 830 852 tutiorem
865 812 903 851 se
938 812 1107 851 futurum
1139 813 1186 851 ab
1208 814 1349 853 infidiis

66 824 257 922 ratus,§”1
296 875 468 926 pluribus
501 875 750 914 munimentis
778 873 967 912 infisteret.
1002 872 1158 911 Virtutis
1190 873 1279 912 inde
1311 877 1348 914 62:

66 935 239 975 Honoris
268 936 523 985 solemnibus,
564 938 668 986 quod
694 936 944 975 incommodo
980 942 1153 985 tempore
1184 935 1349 975 celebra..

65 996 228 1045 bantur,
252 998 371 1037 alium
396 999 535 1045 exinde
560 999 661 1037 diem
693 997 898 1037 constituit.
925 997 1024 1036 Viris
1048 995 1345 1046 triumphalibus

65 1062 195 1099 auctor
220 1060 292 1098 fuit
314 1060 439 1110 operis
463 1059 624 1108 alicujus
646 1059 839 1098 excitandi
857 1059 905 1098 de
923 1058 1134 1104 manubiis,
1153 1071 1227 1107 quo
1253 1069 1342 1096 cum

64 1120 167 1160 urbis
194 1131 331 1159 ornatu
361 1121 548 1171 gestorum
569 1121 795 1160 memoriam
819 1128 1116 1170 perpetuarent:
1142 1119 1340 1170 multaque

67 1192 89 1219 a
113 1180 243 1220 multis
266 1182 448 1220 exstructa
474 1180 574 1219 sunt.

129 1241 263 1280 XLVI.
303 1236 448 1281 Eodem
483 1254 582 1280 anno
618 1240 729 1280 ludos
756 1239 940 1281 seculares
977 1241 1124 1292 ingenti
1156 1250 1343 1292 apparatu

63 1302 178 1351 fecit,
215 1318 309 1355 quos
347 1304 551 1343 centesimo
593 1316 745 1354 quoque
776 1317 875 1342 anno
908 1302 995 1357 (his
1027 1304 1130 1342 enim
1169 1305 1341 1343 terminis

61 1364 230 1403 seculum
260 1366 510 1418 terminatur)
541 1364 618 1402 fieri
648 1376 743 1401 mos.
782 1364 879 1402 Sane
909 1363 978 1402 hos
1007 1363 1103 1401 inter
1128 1362 1269 1411 ludos,
1305 1367 1341 1403 ὁὲῒ.

65 1436 218 1474 quartos
253 1426 458 1480 seculares,
495 1426 565 1463 slve
599 1425 638 1464 L.
671 1423 904 1470 Censorino,
935 1424 991 1464 M.
1014 1423 1177 1463 Manilio
1202 1424 1342 1463 consu-

62 1487 188 1538 libus,
231 1488 305 1526 sive
339 1486 500 1526 triennio
540 1488 644 1537 post,
685 1485 866 1526 celebrati
897 1487 1070 1534 fuerant,
1099 1491 1214 1538 (nam
1241 1487 1340 1526 inter

64 1552 235 1592 auctores
247 1550 475 1598 difl'entitur)
500 1549 646 1587 circiter
670 1557 823 1587 centum
844 1548 994 1598 triginta
1017 1549 1104 1586 anni
1120 1548 1336 1587 intererant.

62 1611 140 1650 Sed
166 1611 555 1660 quindecimvirorum
587 1608 795 1659 diligentiae
821 1609 1032 1655 creditum,
1056 1608 1119 1658 qui
1146 1620 1194 1647 ex
1216 1608 1340 1660 Sibyl.

61 1674 148 1714 linis
175 1674 278 1713 libris
314 1683 464 1723 tempus
495 1672 674 1711 ludorum
708 1671 1042 1721 investigaverant,
1081 1672 1173 1711 ritus
1204 1685 1337 1712 eorunn

63 1736 152 1775 dem
184 1745 400 1786 exponente
424 1736 534 1782 Atejo
567 1733 778 1783 Capitone,
811 1733 874 1782 qui
906 1738 994 1771 tum*
1021 1733 1138 1771 divini
1165 1732 1338 1772 humani-

62 1812 136 1848 que
172 1800 263 1848 juris
301 1797 596 1837 consultissimus
630 1796 854 1836 habebatur.
902 1795 1134 1835 Praefuerunt
1172 1797 1341 1847 magistri-

63 1862 411 1911 quindecimvirum
447 1859 557 1898 sacris
590 1858 801 1908 faciundis,
837 1858 930 1908 imp.
960 1858 1079 1897 Caesar
1110 1858 1155 1898 D.
1191 1857 1229 1898 F.
1258 1860 1337 1898 Au-

61 1924 213 1973 gustus,
250 1923 290 1962 C.
317 1923 469 1962 Sentius
502 1921 543 1960 C.
569 1920 609 1962 F.
641 1921 684 1960 C.
709 1921 757 1960 N.
786 1921 1035 1968 Saturninus,
1064 1920 1121 1960 M.
1152 1919 1333 1960 Claudius

63 1985 119 2025 M.
146 1984 184 2024 F.
209 1985 262 2024 M.
293 1984 341 2024 Ν.
366 1982 598 2031 Marcellus,
631 1982 688 2022 M.
716 1981 842 2021 Fufius
868 1981 926 2022 M.
950 1981 991 2020 F.
1015 1982 1161 2031 Strico,
1189 1982 1234 2022 D.
1262 1983 1337 2022 Lae.

61 2047 133 2086 lius
163 2047 210 2086 D.
233 2047 272 2086 Γ.
299 2047 344 2086 D.
370 2047 420 2086 N.
443 2045 593 2086 Balbus.
633 2044 803 2086 Zosimus
834 2044 984 2084 Graecus
1016 2046 1147 2084 auctor
1178 2046 1221 2084 L.
1251 2047 1336 2084 Cen-

51 2112 194 2162 fhrino,
223 2113 259 2150 C.
286 2111 418 2149 Sabino
443 2110 641 2162 consulibus
665 2109 764 2146 ludos
789 2106 963 2160 seculares
992 2108 1085 2145 aeros
1110 2116 1248 2146 narrat.
1290 2108 1336 2146 id

61 2172 86 2210 fi
116 2185 245 2210 verum
276 2172 352 2219 est,
383 2170 528 2210 suffectu
560 2171 701 2210 fuerint
727 2177 900 2219 oportet:
936 2181 1026 2213 nam
1057 2181 1127 2207 nec
1152 2182 1215 2218 par
1236 2167 1335 2208 illud

58 2235 158 2273 inter
184 2235 345 2281 majores
374 2232 572 2280 consules,
605 2232 668 2282 qui
709 2243 851 2269 nomen
883 2243 982 2269 anno
1013 2229 1180 2277 dabant,
1217 2242 1332 2279 repe-

59 2295 158 2333 rias:
193 2296 227 2333 Sc
252 2293 328 2332 hoc
355 2293 512 2343 quidem
537 2305 638 2331 anno
663 2292 782 2330 faftos
803 2304 850 2330 ex
871 2291 1079 2341 priscorum
1106 2302 1332 2329 monumen-

59 2363 189 2394 torum
218 2353 294 2403 fide
323 2352 410 2392 satis
440 2352 596 2392 constat.
634 2351 703 2391 His
736 2349 856 2399 ludis,
889 2351 1041 2401 Augusti
1071 2350 1194 2398 justu,
1229 2348 1331 2387 secu-

103 2469 129 2515 s
156 2469 260 2508 XLV.
295 2469 361 2505 Jul.
385 2469 509 2514 Obseq.
532 2468 611 2509 Dio.
637 2469 777 2505 sueton.
797 2469 831 2502 in
856 2469 940 2514 Aug.
967 2480 997 2504 ς.
1024 2479 1062 2510 14
1087 2468 1120 2501 ὅ(
1143 2476 1197 2512 29.
1222 2466 1335 2506 ‘facin
