1617 2963
292 183 379 226 272
446 168 539 212 JO.
587 165 1092 212 FREINSHEMII
1131 167 1497 219 SUPPLEM.

288 269 511 320 coquendos
548 267 684 315 cibos,
718 269 753 307 δε
789 267 955 308 fovenda
985 282 1143 320 corpora
1171 271 1267 321 ignis
1293 271 1474 312 alebatur.
1514 273 1559 314 In

288 343 426 380 magno
453 329 506 367 ibi
530 328 747 367 discrimine
771 328 912 368 Drusus
930 330 1023 378 fuit,
1043 342 1132 369 cum
1147 332 1327 371 recedens
1354 333 1445 372 stato
1465 342 1560 373 tem¹²

286 404 379 440 pore
414 391 593 430 Oceanus
624 391 774 440 ignaros
809 390 986 431 locorum
1010 393 1049 430 in
1078 393 1174 432 fiCCO
1205 394 1437 432 destituisset.
1479 393 1561 433 Fri„

285 453 423 492 {iorum
452 453 528 492 fide
550 454 718 501 fartum,
738 466 785 493 ne
815 454 905 504 quid
936 455 1155 494 detrimenti
1191 456 1445 507 acciperetur,
1471 457 1560 506 qui,

284 527 406 565 nuper
441 515 534 554 inita
565 515 771 563 societate,
799 527 888 554 cum
921 516 1156 565 pedestribus
1186 517 1307 566 copiis
1335 517 1503 557 aderant.

338 578 408 618 IX.
443 578 523 617 Has
555 577 605 616 ob
641 577 903 624 difficultates,
933 591 1024 628 quas
1052 578 1278 618 immensum
1307 582 1460 618 audura
1486 579 1557 617 irn-

282 640 431 679 minens
463 641 541 688 jam
578 639 698 678 hiems
721 639 944 686 videbatur,
975 640 1141 689 Drusus,
1169 641 1332 680 reductis
1357 640 1395 679 in
1421 647 1557 691 pacata

284 702 433 751 copiis,
457 701 621 741 Romam
649 702 784 748 rediit,
810 701 1068 751 exceptusque
1093 700 1227 740 multis
1253 700 1489 748 honoribus,
1520 703 1556 740 St

281 767 323 804 in
348 777 492 803 annum
516 763 735 813 sequentem
768 771 906 812 praetor
932 763 1096 802 urbanus
1125 763 1337 814 designatus
1367 763 1440 810 est,
1466 775 1557 803 cum

283 835 394 865 antea
418 827 496 874 jam
520 825 674 874 insignia
696 824 869 873 praetoria
894 823 1104 873 accepisset.
1142 825 1191 874 Q.
1218 824 1358 863 deinde
1382 823 1478 863 AElio
1506 824 1560 873 Q

281 888 324 928 F.
339 887 544 928 Tuberone
557 918 569 934 ‚
590 885 717 926 Paullo
736 884 852 924 Fabio
876 884 923 933 Q.
942 884 981 923 F.
996 885 1170 923 Maximo
1192 885 1433 932 consulibus,
1452 885 1557 924 idem

282 949 447 998 Drusus,
470 947 577 986 ssmul
605 960 672 998 per
700 955 853 995 tempus
882 947 969 984 anni
998 947 1149 996 potuit,
1175 947 1309 986 Rheno
1336 948 1472 986 iterum
1499 947 1558 985 su-

281 1018 415 1061 perato
432 1040 442 1058 ‚
464 1010 502 1048 in
527 1009 693 1058 Usipetes
719 1010 754 1046 &
779 1006 1016 1047 Tenchteros
1042 1008 1246 1058 ingreffus,
1273 1022 1352 1048 non
1379 1018 1466 1048 ante
1491 1010 1556 1048 de-

281 1071 401 1118 stitit,
426 1084 564 1122 quam,
583 1069 702 1119 pofita
725 1068 890 1116 ferocia,
918 1068 1021 1118 leges
1048 1070 1151 1119 pacis
1175 1071 1401 1121 acciperent.
1433 1071 1556 1120 Lupia.

282 1133 424 1171 deinde
456 1130 640 1182 pontibus
667 1132 824 1179 juncto,
858 1142 925 1179 per
958 1131 1173 1171 Sicambros
1199 1132 1247 1170 ad
1275 1132 1553 1172 Cheruscorum.

279 1193 376 1233 fines
402 1196 438 1233 ἃ
459 1193 633 1242 Visurgin
663 1190 779 1241 usque
804 1191 990 1241 processit.
1027 1192 1215 1232 Sicambri
1238 1200 1318 1232 tum
1342 1193 1439 1232 forte
1466 1205 1556 1231 curn

282 1255 461 1294 omnibus
493 1254 614 1304 copiis
649 1254 767 1293 domo
799 1253 977 1301 aberant,
1004 1253 1123 1293 Cattis
1158 1254 1361 1293 inferentes
1391 1254 1555 1303 bellum,

281 1317 345 1367 qui
372 1316 439 1354 soli
462 1316 713 1354 finitimorum
741 1316 961 1354 societatem
985 1315 1138 1354 illorum
1160 1316 1346 1366 aspernati
1362 1316 1524 1355 fuerant.

343 1380 393 1419 X.
432 1379 526 1418 Haec
562 1379 709 1418 occasio
737 1387 915 1429 pacatum
948 1378 1069 1418 Druso
1102 1379 1298 1419 transitum
1333 1379 1452 1419 dedit.
1487 1380 1558 1419 Su-

280 1441 439 1491 perabat
456 1442 491 1480 &
508 1440 716 1490 Visurgim,
740 1442 778 1478 ni
796 1440 905 1490 super
929 1440 1219 1480 necessariorum
1239 1442 1411 1491 inopiam
1433 1440 1556 1480 hiems·

279 1503 493 1554 propinqua
521 1501 706 1541 vetuisset.
740 1503 864 1542 Etiam
897 1502 1028 1552 religio
1054 1503 1192 1552 injetfta
1220 1503 1386 1541 reditum
1422 1501 1557 1550 suasit,

279 1567 369 1615 quia
395 1564 434 1602 in
461 1564 586 1602 castris
611 1576 771 1602 examen
800 1576 915 1613 apum
948 1566 987 1602 in
1017 1563 1261 1604 tabernaculo
1286 1563 1437 1604 Hostilii
1464 1564 1555 1604 Rufi

278 1626 447 1678 praefeeti
470 1626 672 1664 castrorum
696 1624 938 1673 consederat,
960 1627 1011 1665 ita
1034 1636 1076 1665 ut
1099 1627 1232 1665 funem
1256 1626 1556 1677 praetendentem

277 1689 550 1741 praefixamque
585 1689 749 1727 tentorio
786 1687 957 1727 lanceam
997 1689 1303 1740 amplecteretur.
1345 1689 1420 1729 Sed
1457 1700 1556 1728 rece-

279 1753 388 1791 denti
418 1764 496 1790 non
526 1751 660 1790 eadem
687 1763 708 1788 a
735 1751 933 1789 Germanis
967 1752 1096 1801 quies,
1115 1765 1197 1802 quae
1216 1752 1383 1791 venienti
1409 1750 1554 1800 fuerat,

277 1814 362 1852 fuit.
409 1813 534 1852 Exciti
560 1812 823 1852 Romanorum
844 1813 1072 1863 irruptione,
1103 1813 1235 1863 paffim
1275 1813 1370 1852 locis
1403 1813 1555 1854 idoneis

277 1874 429 1913 infidias
451 1874 697 1913 redeuntibus
724 1874 954 1922 struxerant,
979 1883 1021 1913 ut
1047 1888 1186 1925 magna
1216 1887 1303 1914 cum
1331 1874 1554 1914 difficultate

279 1944 488 1985 pergerent.
532 1935 659 1975 Semel
695 1936 798 1973 circa
838 1935 1068 1974 Arbelonem
1108 1949 1175 1986 per
1205 1936 1357 1985 angusta
1390 1938 1425 1976 &
1461 1949 1552 1976 cava

279 1993 365 2034 loca
392 1994 613 2045 progressis,
634 2008 767 2044 parum
795 1994 841 2033 ab
869 1996 986 2033 exitio
1013 2008 1070 2034 res
1093 1996 1242 2035 abfuit:
1266 1996 1457 2047 magisque
1480 1997 1552 2036 bo-

276 2057 388 2095 stium
411 2056 689 2106 imprudentia,
711 2069 824 2105 quam
849 2056 988 2095 virtute
1008 2057 1094 2105 sua,
1116 2057 1248 2097 servati
1270 2058 1366 2098 sunt.
1395 2059 1551 2109 Quippe

277 2118 435 2158 facilem
461 2120 507 2156 de
525 2119 794 2156 circumventis
817 2119 1013 2157 victoriam
1038 2120 1132 2167 rati,
1155 2120 1365 2169 cupiditate
1386 2121 1552 2160 caedium

277 2181 493 2231 praedaeque
515 2179 623 2218 simul
651 2193 784 2218 omnes
812 2179 976 2219 confusis
1009 2180 1208 2220 ordinibus
1234 2181 1483 2220 incurrerunt.

334 2240 403 2280 XI.
433 2240 527 2278 lnde
552 2240 736 2279 Romanis
772 2253 817 2279 ex
845 2241 983 2278 minaci
1019 2242 1053 2279 ὃ(
1088 2240 1200 2290 plena
1234 2241 1391 2291 periculi
1424 2249 1550 2292 pugna

279 2301 528 2352 prosperrima
548 2302 656 2340 fafta.
682 2303 764 2341 Nec
784 2302 920 2340 exinde
944 2315 1100 2341 manum
1128 2303 1201 2341 ausi
1223 2302 1441 2351 conserere,
1466 2312 1551 2341 tan-

277 2375 360 2404 tum
387 2365 536 2403 eminus
551 2363 785 2413 lacessentes,
812 2367 996 2413 maj0re1n
1022 2364 1118 2413 fibi,
1144 2377 1258 2414 quam
1286 2364 1404 2413 hosti,
1429 2362 1549 2406 mole÷

326 2481 349 2525 ς
374 2482 432 2517 IX,
460 2481 540 2517 Dio.
566 2482 640 2517 Liv.
664 2482 752 2527 Epis.
776 2481 797 2527 §
823 2480 865 2518 X.
888 2481 955 2518 Jul.
978 2480 1103 2526 Obseq.
1127 2481 1205 2516 Dio.
1224 2481 1309 2516 Prin.
1334 2492 1368 2517 ιι
1385 2506 1396 2525 „
1417 2489 1470 2522 172
