1617 2963
222 192 311 226 102
381 177 474 226 JO.
511 174 1017 224 FREINSHEMII
1051 174 1409 224 SUPPLEMs

215 285 381 332 servitii,
410 292 593 335 quantum
622 291 908 322 commeatuum
934 290 1127 333 portaret,
1149 283 1337 322 universas
1370 284 1500 334 copias

224 348 388 395 trajecit.
427 346 538 385 Forte
574 358 660 395 pars
698 347 822 394 major
850 346 1073 386 Antonianae
1115 345 1235 385 claffis
1270 347 1318 385 ad
1351 348 1503 385 Aetium

224 409 361 462 (Epiri
394 408 445 446 est
482 406 620 455 locus)
652 407 793 455 stabat;
835 420 916 446 non
949 405 1157 446 firmiffima
1188 407 1367 457 remigio,
1398 407 1502 457 quod

221 471 353 519 inopia
385 481 511 507 rerum
542 469 829 508 necessariarum
859 469 972 508 valde
1002 477 1083 507 erat
1120 470 1381 508 imminutum.
1422 469 1500 518 Igi-

224 541 287 570 tur
315 530 601 570 conditionibus
636 539 701 570 aut
730 533 769 571 vi
795 532 945 582 sperans
970 531 1074 570 suam
1103 532 1142 570 in
1173 532 1396 582 potestatem
1432 531 1503 571 hos

224 602 404 633 venturos
439 593 512 632 effe
542 593 688 643 Caesar,
717 607 764 633 eo
808 593 957 633 cursum
999 595 1149 633 direxit.
1193 595 1317 634 Naves
1345 595 1383 632 in
1417 595 1506 633 uni-

221 654 370 694 versum
396 653 460 693 ille
485 655 669 694 ducentas
703 656 976 707 quinquaginta
1003 664 1199 706 paraverat
1226 657 1388 696 modicae
1418 655 1504 694 alti·

219 715 387 764 tudinis,
416 724 586 755 ceterum
617 718 815 766 expeditas
848 720 884 758 &
919 717 1036 769 agiles
1063 733 1073 766 3
1103 719 1276 769 peditum
1306 719 1504 770 octoginta

222 775 370 824 millia,
392 789 479 816 curn
510 777 716 817 duodecim
738 778 908 818 millibus
938 781 1124 830 equitum.

277 839 462 879 XXVIII.
483 841 693 887 Antonius,
717 842 861 880 tametfi
887 841 1082 892 legionum
1102 856 1262 882 numero
1289 843 1503 893 pra-stabat,

221 906 353 939 tamen
387 909 430 940 ut
462 901 672 953 Cleopatrae
700 904 992 954 gratificaretur,
1026 905 1065 943 in
1089 906 1200 945 claffe
1230 905 1421 945 locaverat
1446 917 1504 943 ar-

224 973 310 1000 cem
336 962 413 1011 spei
436 961 531 1011 suae,
557 977 789 1014 quamquam
818 966 972 1015 penuria
1001 967 1188 1017 remigum
1217 967 1334 1018 vulgo
1360 979 1380 1005 e
1404 966 1504 1006 Grae·

226 1022 284 1061 eia
321 1024 600 1074 corriperentur
631 1039 651 1064 a
680 1027 867 1076 praefeetis
894 1029 976 1075 ejus
1008 1028 1190 1078 quilibet3
1220 1030 1270 1067 ita
1307 1038 1347 1066 ut
1380 1039 1504 1078 neque

221 1085 432 1126 viatoribus
462 1087 707 1127 abstineretur
723 1119 735 1138 ,
767 1089 1066 1140 agasonibusque
1091 1092 1126 1130 ἃ
1150 1090 1370 1129 messoribus
1387 1119 1397 1136 ,
1426 1101 1502 1138 quo

223 1161 274 1188 ex
309 1162 447 1200 genere
479 1150 650 1202 plerique
677 1160 806 1201 erant,
842 1153 905 1203 qui
945 1167 1049 1193 mare
1084 1167 1280 1204 nunquam
1315 1152 1501 1193 vidissent.

225 1223 299 1250 nec
331 1212 381 1251 fic
408 1213 563 1262 quidem
600 1213 764 1253 succurri
792 1222 941 1265 poterat
975 1216 1218 1267 indigentiae,
1245 1217 1335 1265 quin
1364 1227 1501 1264 magna

221 1285 308 1325 pars
340 1274 461 1314 classis
490 1275 644 1325 peffirne
669 1277 874 1327 navigaret.
902 1278 1044 1326 Ajunt,
1070 1291 1157 1318 cum
1183 1278 1298 1329 paulo
1324 1279 1405 1328 post
1427 1279 1501 1317 An-

222 1336 351 1374 tonius
379 1337 528 1376 Aetium
553 1338 709 1377 veniffet
724 1369 735 1387 ,
755 1341 1010 1390 trientemque
1033 1341 1110 1380 fere
1133 1349 1334 1380 nautarum
1351 1339 1501 1379 absum·

225 1404 310 1435 tum
339 1397 443 1436 fame
470 1399 688 1449 reperisset,
723 1400 917 1440 crudelem
937 1402 1029 1441 §ane
1060 1410 1174 1452 atque
1208 1401 1355 1452 prorsus
1391 1399 1501 1439 inhu-

223 1470 378 1496 manam
423 1471 559 1498 vocem
595 1460 798 1502 effudisse:
837 1464 939 1501 Remi
973 1465 1072 1503 modo
1104 1465 1204 1517 salvi
1240 1467 1325 1516 fint.
1361 1463 1500 1516 remiges

223 1532 294 1556 non
314 1520 480 1565 deerunt,
505 1522 676 1574 quousque
701 1523 838 1561 Graecia
858 1524 1012 1562 homines
1033 1526 1202 1565 habuerit.
1229 1525 1327 1574 Ergo
1354 1522 1498 1572 Caesar,

222 1580 383 1630 pedestri
400 1583 567 1621 exercitu
588 1585 635 1622 ad
655 1583 862 1624 Ceraunios
881 1595 1031 1626 montes
1057 1586 1249 1636 expositO,
1267 1587 1333 1636 qui
1355 1585 1498 1624 dehinc

220 1641 269 1680 ad
297 1643 448 1681 Aetium
481 1644 728 1692 procederet,
765 1646 889 1685 obiter
917 1657 1098 1697 recepta,
1127 1662 1208 1699 quae
1242 1647 1372 1686 relicta
1396 1660 1416 1685 a
1437 1646 1499 1685 fu-

222 1703 350 1751 giente
365 1703 536 1752 praefidio
555 1705 693 1754 fuerat,
713 1706 890 1758 Corcyra,
908 1708 945 1746 in
958 1708 1223 1759 Thesprotidis
1237 1717 1346 1758 portu
1357 1737 1369 1755 ,
1383 1719 1497 1757 quem

220 1770 376 1812 propter
411 1762 605 1814 Thyamin
629 1768 665 1805 &
694 1766 935 1815 Acheronta,
965 1768 1175 1817 fluviosque
1208 1768 1302 1807 alios
1330 1769 1371 1807 in
1406 1780 1496 1807 eum

219 1822 456 1872 incidentes,
490 1834 554 1864 aut
577 1839 624 1864 ex
648 1827 730 1876 ipso
757 1829 853 1867 mari
885 1829 1110 1869 ebullientes
1142 1842 1280 1879 aquas,
1306 1829 1356 1868 ob
1386 1842 1496 1879 argu-

219 1893 394 1923 mentum
427 1888 558 1925 dulcem
581 1889 801 1939 appellant,
826 1891 977 1931 claffem
1007 1892 1211 1931 constituit.
1239 1892 1387 1931 Interea
1416 1891 1497 1930 Cae-

217 1945 306 1985 saris
336 1947 543 1988 adventum
571 1952 765 1991 tumultofi
789 1955 911 1992 nuntii
935 1955 983 1993 ad
1004 1954 1212 1994 Antonium
1238 1953 1493 2003 pertulerunt:

218 2008 383 2060 illumque
401 2010 478 2062 jam
505 2015 601 2064 apud
627 2015 795 2065 Torynem
813 2016 945 2067 (Epiri
971 2016 1157 2066 oppidum
1184 2014 1290 2063 fuit)
1319 2015 1492 2065 confidere.

220 2070 329 2118 Quos
345 2071 504 2112 eludens
520 2073 744 2124 Cleopatra,
767 2077 853 2128 quid
866 2080 982 2130 magni
1002 2079 1069 2127 esi,
1091 2078 1287 2127 inquit,si
1305 2077 1347 2129 itz¹⁴
1358 2077 1492 2128 Toryne

209 2133 308 2184 sedet
333 2134 467 2185 Coesar‘?
493 2136 541 2173 ad
567 2136 756 2175 culinariae
779 2137 1024 2187 supellectilis
1047 2138 1360 2184 instrumentum,
1382 2137 1490 2186 quod

219 2191 293 2231 hac
317 2193 574 2251 appellatione
599 2196 718 2236 Graeci
739 2207 896 2244 notant,
919 2198 1229 2249 {ignificationem
1251 2198 1493 2247 detorquens,

279 2253 434 2295 XXIX.
465 2257 540 2296 Sed
573 2257 837 2306 hujuscemodi
869 2261 979 2299 dictis
1002 2259 1136 2299 servari
1169 2259 1311 2308 classis,
1340 2259 1490 2309 suggre-

213 2316 344 2356 diente
373 2317 539 2368 Caesare,
564 2333 645 2360 non
671 2321 860 2371 potuisset.
901 2323 1112 2371 Antonius,
1135 2335 1222 2362 cum
1240 2321 1487 2373 praesentibus

278 2434 300 2477 ς
323 2433 462 2468 XXVII.
486 2436 629 2480 Eutrop.
657 2437 782 2481 Vellej.
808 2448 827 2468 ἰ
844 2463 853 2479 ,
875 2438 928 2478 84.
949 2438 1028 2473 Dio.
1059 2439 1147 2473 Plut.
1164 2440 1197 2472 in
1221 2440 1351 2475 Anton.
1371 2451 1400 2475 c,
1429 2448 1486 2483 79,

209 2476 233 2521 S
257 2477 412 2514 XXVIII.
438 2480 593 2526 Thucyd.
623 2494 658 2523 1,
677 2491 709 2525 9.
732 2483 839 2518 Strab.
867 2485 890 2519 1.
915 2494 948 2525 7.
972 2483 1111 2519 Pausan.
1130 2485 1251 2519 Arcad.
