1617 2963
233 182 312 230 IN
348 183 520 230 LOC.
562 184 697 230 LIB.
730 185 965 233 CXXVIII
1001 187 1139 235 Lrv’.
1279 206 1337 253 ιγ

50 287 180 333 adhuc
209 289 397 328 resistebat
430 290 587 328 interior
614 303 768 339 murus,
802 304 874 332 nec
907 291 1073 344 superari
1102 300 1189 333 ante
1223 297 1333 346 quim

49 359 133 389 tum
156 352 350 390 decimum
381 353 482 391 diem
511 352 650 400 potuit.
678 352 781 391 Tum
807 368 895 393 vero
924 356 1011 396 urbs
1036 356 1215 406 inferior,
1244 370 1336 397 cum

49 412 234 453 ,vestibulo
267 412 401 461 templi
434 423 562 462 capta,
590 413 801 461 porticibus
837 415 1069 464 quibusdam
1097 418 1195 456 circa
1225 417 1334 456 delu-

52 472 165 513 brum
195 474 461 513 inflammatis:
486 474 594 522 cujus
622 473 676 511 rei
699 473 884 514 invidiam
921 477 1095 516 Herodes
1120 479 1162 516 in
1182 479 1335 531 Antigo=

52 548 148 576 num
179 537 442 587 detorquebat.
1086 566 1090 569 ,

108 600 304 639 XXXffl.
340 597 496 638 Interim
520 592 680 645 J'udaeis
701 598 763 646 qui
790 599 926 647 partim
956 599 996 637 in
1026 601 1215 652 templum
1241 604 1342 644 inte-2*

55 659 155 707 rius,
180 661 316 710 partim
342 659 390 697 ad
417 657 650 707 superiorem
675 660 808 697 urbem
834 659 1111 710 confugerant,
1136 663 1268 713 legatis
1291 666 1341 705 ad

57 722 201 763 Sosium
229 720 367 768 mistis,
389 722 499 772 sacrae
531 722 578 757 rei
591 719 772 772 faciundae
793 733 902 759 orsum
930 725 1133 772 petierunt.
1173 729 1342 767 eundem

56 792 332 831 exoraverunt,
370 785 406 822 ἃ
437 783 500 833 qui
530 784 632 833 capti
667 784 772 832 apud
808 784 1002 823 Romanos
1038 797 1168 836 erant,
1208 802 1246 826 ut
1285 792 1342 828 in-

53 844 164 897 tereffi·
182 845 284 897 fimo
296 846 500 894 finerentur.
543 844 612 883 Ille
635 843 785 894 sperans
801 875 811 893 ,
842 845 922 885 haec
949 846 1022 886 effe
1048 848 1146 898 signa
1179 850 1343 891 deditio-

56 919 147 945 nem
173 906 422 957 agitantium,
455 915 661 955 utrumque
697 907 891 946 concessit.
935 908 1009 947 Sed
1037 911 1103 948 ubi
1132 910 1255 950 nihilo
1281 911 1345 951 se-

57 968 140 1005 cius
173 968 214 1005 in
238 966 449 1020 rebelli-one
480 965 747 1016 perfistebant‚
783 968 845 1006 die
868 969 1033 1018 quadam
1059 971 1208 1010 Saturni
1242 971 1344 1012 facia

57 1029 114 1068 vis
137 1028 209 1075 est,
236 1027 502 1079 templumque
534 1030 745 1079 pugnando
781 1040 964 1079 captum:
998 1043 1071 1069 nec
1101 1033 1187 1073 urbs
1212 1034 1345 1073 defen-

59 1091 98 1129 di
117 1090 259 1130 diutius
281 1093 417 1141 potuit.
443 1091 586 1141 Magna
609 1092 733 1131 omnis
753 1093 875 1131 ae'ratis
899 1092 1082 1144 sexusque
1102 1096 1226 1135 caedes
1244 1096 1343 1148 fuit;

57 1150 242 1190 Romanis
272 1162 429 1202 propter
459 1152 666 1191 obsidionis
691 1166 841 1192 moram
869 1155 999 1204 iratis,
1025 1155 1180 1204 Judaeos
1204 1169 1345 1200 accen-

59 1213 174 1252 dente
192 1212 408 1252 factionum
430 1214 527 1251 inter
551 1212 588 1252 se
618 1212 957 1253 crudeliffimarum
987 1216 1094 1255 odio.

116 1283 302 1324 XXXIV.
323 1284 580 1335 Antigonum,
597 1285 647 1324 ad
668 1286 785 1336 pedes
812 1285 850 1324 se
875 1286 1128 1335 abjicientem
1143 1320 1154 1335 ‚
1177 1290 1344 1330 immise-

59 1347 262 1387 ricorditer
291 1349 441 1398 accepit
473 1349 620 1396 Solius,
665 1348 868 1399 complofis
909 1351 1088 1392 manibus
1121 1354 1344 1406 Antigonam

60 1409 285 1457 nominans,
316 1410 564 1460 vinctumque
595 1412 633 1449 in
660 1411 868 1450 custodiam
903 1412 1020 1452 dedit.
1055 1415 1116 1455 Sic
1147 1417 1286 1456 iterum
1319 1429 1342 1456 a

59 1469 245 1508 Romanis
266 1477 376 1519 capta
399 1470 452 1509 est
475 1469 694 1518 Judaeorum
717 1472 966 1521 metropolis,
992 1475 1130 1514 eodem
1153 1477 1234 1523 die,
1264 1491 1342 1527 quo

59 1531 223 1582 septimo
249 1535 283 1570 &
302 1533 479 1572 vicesimo
512 1546 611 1572 anno
646 1545 733 1572 ante
760 1545 979 1585 expugnata
1011 1551 1033 1577 a
1067 1552 1206 1590 magno
1235 1541 1344 1580 Pom-

62 1596 157 1645 pejo
193 1594 327 1633 fuerat.
376 1595 522 1635 Herodi
559 1608 658 1635 curae
693 1597 769 1635 fuit
802 1597 1007 1647 prohibere
1045 1601 1348 1653 alienigenarum

63 1655 241 1704 turbam,
275 1668 412 1695 arcana
450 1657 586 1708 templi
620 1660 656 1697 ἅ
686 1658 877 1699 sacrorum
910 1661 1077 1710 spectare
1107 1666 1345 1704 contenden-

62 1726 156 1758 tem.
186 1719 295 1759 Idem
327 1721 391 1759 vix
425 1721 644 1772 impetravit
678 1734 698 1760 a
721 1723 851 1771 Sofio,
883 1726 1050 1774 praedam
1081 1726 1184 1767 urbis
1213 1727 1345 1767 militi-

63 1781 136 1822 bus
166 1781 238 1821 suis
261 1782 470 1832 asserente,
506 1793 548 1824 ut
571 1797 592 1824 a
622 1783 658 1823 se
685 1787 851 1836 acceptis
882 1789 1051 1838 pecuniis
1085 1790 1345 1838 direptionem

62 1845 283 1883 remitteret.
309 1845 404 1884 Inde
427 1845 572 1894 Solius,
599 1859 710 1885 aurea
734 1859 879 1888 corona
906 1850 944 1888 in
972 1850 1117 1900 templo
1143 1853 1343 1902 dedicata,

64 1905 263 1955 captivum
296 1906 532 1956 Antigonum
565 1908 728 1947 Antonio
759 1910 981 1954 adducens.
1015 1912 1198 1960 discessu,
1225 1926 1343 1964 regno

63 1966 286 2015 Judaeorum
313 1967 459 2007 Herodi
482 1970 639 2007 tradito.
671 1971 795 2020 Atque
818 1971 883 2010 ille
912 1973 1069 2011 minime
1092 1984 1232 2015 certam
1259 1979 1343 2024 ejus

66 2028 333 2080 possessionem
358 2028 423 2067 fibi
449 2029 638 2079 spondens
653 2063 662 2078 ‚
683 2033 868 2082 quamdiu
887 2036 1098 2083 Antigonus
1115 2036 1346 2088 supereffetq

60 2088 245 2127 maximis
270 2089 487 2131 muneribus
509 2093 742 2142 expugnavit
764 2094 972 2134 Antonium
989 2126 1000 2143 ‚
1027 2109 1068 2135 ut
1097 2098 1259 2136 interfici
1285 2101 1345 2147 ju„

63 2147 186 2189 beret.

124 2209 294 2250 XXXV.
323 2211 442 2261 Igitur
474 2212 686 2253 Antiochiae
720 2213 908 2265 deligatus
942 2217 990 2257 ad
1028 2218 1182 2269 palum,
1206 2219 1349 2269 flagris-

72 2283 147 2321 que
176 2270 312 2320 caesus,
349 2274 385 2312 δε
414 2273 534 2316 securi
565 2275 758 2324 percussus
791 2277 868 2317 est:
902 2291 976 2329 quo
1009 2279 1196 2330 supplicio
1222 2281 1347 2320 nemi-

69 2345 162 2373 nem
183 2332 311 2373 adhuc
334 2346 467 2385 regum
488 2336 688 2386 quisquam
709 2338 907 2380 Romanus
928 2339 1117 2382 affecerat.
1147 2342 1244 2382 Cum
1268 2342 1346 2386 hoc

121 2466 145 2512 ς
170 2467 310 2501 xxxn.
339 2467 477 2512 Joseph.
504 2471 610 2515 antiq.
633 2472 667 2506 8(
686 2472 725 2508 de
752 2474 788 2510 Β.
807 2472 883 2512 Ιαᾱ.

139 2532 190 2579 Τ.
216 2534 310 2581 Liv.
350 2535 446 2581 Vol.
485 2534 603 2584 XII.
1086 2536 1120 2584 ‚B
