<?xml version="1.0" encoding="UTF-8"?>
<!DOCTYPE html PUBLIC "-//W3C//DTD XHTML 1.0 Transitional//EN"
    "http://www.w3.org/TR/xhtml1/DTD/xhtml1-transitional.dtd">
<html xmlns="http://www.w3.org/1999/xhtml" xml:lang="en" lang="en">
 <head>
  <title>
</title>
<meta http-equiv="Content-Type" content="text/html;charset=utf-8" />
  <meta name='ocr-system' content='tesseract 3.04.00' />
  <meta name='ocr-capabilities' content='ocr_page ocr_carea ocr_par ocr_line ocrx_word'/>
</head>
<body>
  <div class='ocr_page' id='page_1' title='image "./historiarumlibri12livyuoft_0218.png"; bbox 0 0 1617 2963; ppageno 0'>
   <div class='ocr_carea' id='block_1_1' title="bbox 251 244 1471 300">
    <p class='ocr_par' dir='ltr' id='par_1_1' title="bbox 251 244 1471 300">
     <span class='ocr_line' id='line_1_1' title="bbox 251 244 1471 300; baseline 0.002 -5"><span class='ocrx_word' id='word_1_1' title='bbox 251 245 491 296; x_wconf 71' lang='lat' dir='ltr'>210JO.</span> <span class='ocrx_word' id='word_1_2' title='bbox 523 244 1057 295; x_wconf 63' lang='lat' dir='ltr'>FRERNSHEMH</span> <span class='ocrx_word' id='word_1_3' title='bbox 1092 249 1471 300; x_wconf 58' lang='grc' dir='ltr'>ΞΗΡΡῘΛΞΜ.4</span> 
     </span>
    </p>
   </div>
   <div class='ocr_carea' id='block_1_2' title="bbox 208 348 1533 2461">
    <p class='ocr_par' dir='ltr' id='par_1_2' title="bbox 250 348 1533 458">
     <span class='ocr_line' id='line_1_2' title="bbox 252 348 1533 402; baseline -0.003 -8"><span class='ocrx_word' id='word_1_4' title='bbox 252 361 320 394; x_wconf 71' lang='lat' dir='ltr'>aut</span> <span class='ocrx_word' id='word_1_5' title='bbox 357 353 529 392; x_wconf 82' lang='lat' dir='ltr'>senatum</span> <span class='ocrx_word' id='word_1_6' title='bbox 562 348 743 401; x_wconf 81' lang='lat' dir='ltr'>legendi,</span> <span class='ocrx_word' id='word_1_7' title='bbox 768 363 862 400; x_wconf 85' lang='lat' dir='ltr'>quos</span> <span class='ocrx_word' id='word_1_8' title='bbox 890 350 1056 402; x_wconf 85' lang='lat' dir='ltr'>vellent,</span> <span class='ocrx_word' id='word_1_9' title='bbox 1092 360 1157 394; x_wconf 81' lang='lat' dir='ltr'>aut</span> <span class='ocrx_word' id='word_1_10' title='bbox 1188 362 1320 395; x_wconf 80' lang='lat' dir='ltr'>contra</span> <span class='ocrx_word' id='word_1_11' title='bbox 1346 357 1439 397; x_wconf 66' lang='lat' dir='ltr'>inde</span> <span class='ocrx_word' id='word_1_12' title='bbox 1472 371 1533 398; x_wconf 53' lang='lat' dir='ltr'>ree</span> 
     </span>
     <span class='ocr_line' id='line_1_3' title="bbox 250 414 447 458; baseline -0.025 0"><span class='ocrx_word' id='word_1_13' title='bbox 250 414 447 458; x_wconf 72' lang='lat' dir='ltr'>movendi.</span> 
     </span>
    </p>

    <p class='ocr_par' dir='ltr' id='par_1_3' title="bbox 228 481 1529 1390">
     <span class='ocr_line' id='line_1_4' title="bbox 318 481 1526 533; baseline 0.004 -8"><span class='ocrx_word' id='word_1_14' title='bbox 318 483 414 525; x_wconf 91' lang='lat' dir='ltr'>CVI.</span> <span class='ocrx_word' id='word_1_15' title='bbox 444 483 504 523; x_wconf 86' lang='lat' dir='ltr'>Ne</span> <span class='ocrx_word' id='word_1_16' title='bbox 534 488 663 521; x_wconf 82' lang='lat' dir='ltr'>autem</span> <span class='ocrx_word' id='word_1_17' title='bbox 692 481 770 521; x_wconf 87' lang='lat' dir='ltr'>ulla</span> <span class='ocrx_word' id='word_1_18' title='bbox 799 494 884 532; x_wconf 86' lang='lat' dir='ltr'>pars</span> <span class='ocrx_word' id='word_1_19' title='bbox 920 481 1138 533; x_wconf 71' lang='lat' dir='ltr'>reipublicae</span> <span class='ocrx_word' id='word_1_20' title='bbox 1165 487 1356 527; x_wconf 78' lang='lat' dir='ltr'>videretur</span> <span class='ocrx_word' id='word_1_21' title='bbox 1393 502 1526 530; x_wconf 87' lang='lat' dir='ltr'>eorum</span> 
     </span>
     <span class='ocr_line' id='line_1_5' title="bbox 251 541 1527 599; baseline 0.005 -14"><span class='ocrx_word' id='word_1_22' title='bbox 251 545 370 585; x_wconf 79' lang='lat' dir='ltr'>eximi</span> <span class='ocrx_word' id='word_1_23' title='bbox 401 542 578 594; x_wconf 79' lang='lat' dir='ltr'>potestati</span> <span class='ocrx_word' id='word_1_24' title='bbox 615 550 818 593; x_wconf 84' lang='lat' dir='ltr'>oportere,</span> <span class='ocrx_word' id='word_1_25' title='bbox 851 541 1060 583; x_wconf 82' lang='lat' dir='ltr'>sacerdotia</span> <span class='ocrx_word' id='word_1_26' title='bbox 1082 545 1286 595; x_wconf 83' lang='lat' dir='ltr'>capiebant</span> <span class='ocrx_word' id='word_1_27' title='bbox 1309 552 1461 599; x_wconf 85' lang='lat' dir='ltr'>omnia,</span> <span class='ocrx_word' id='word_1_28' title='bbox 1491 555 1527 592; x_wconf 61' lang='grc' dir='ltr'>ὃς</span> 
     </span>
     <span class='ocr_line' id='line_1_6' title="bbox 246 603 1529 657; baseline 0.006 -14"><span class='ocrx_word' id='word_1_29' title='bbox 246 605 434 657; x_wconf 75' lang='lat' dir='ltr'>pleraque</span> <span class='ocrx_word' id='word_1_30' title='bbox 460 603 708 642; x_wconf 81' lang='lat' dir='ltr'>conferebant</span> <span class='ocrx_word' id='word_1_31' title='bbox 727 603 820 653; x_wconf 83' lang='lat' dir='ltr'>ipsi,</span> <span class='ocrx_word' id='word_1_32' title='bbox 854 604 1121 654; x_wconf 79' lang='lat' dir='ltr'>pontificatum</span> <span class='ocrx_word' id='word_1_33' title='bbox 1147 608 1358 647; x_wconf 77' lang='lat' dir='ltr'>maximum</span> <span class='ocrx_word' id='word_1_34' title='bbox 1385 611 1453 650; x_wconf 90' lang='lat' dir='ltr'>soli</span> <span class='ocrx_word' id='word_1_35' title='bbox 1474 625 1529 650; x_wconf 40' lang='lat' dir='ltr'>req</span> 
     </span>
     <span class='ocr_line' id='line_1_7' title="bbox 243 665 1525 716; baseline 0.005 -11"><span class='ocrx_word' id='word_1_36' title='bbox 243 668 423 705; x_wconf 77' lang='lat' dir='ltr'>tinentes.</span> <span class='ocrx_word' id='word_1_37' title='bbox 460 665 684 706; x_wconf 84' lang='lat' dir='ltr'>Tribunitia</span> <span class='ocrx_word' id='word_1_38' title='bbox 723 666 862 705; x_wconf 84' lang='lat' dir='ltr'>deinde</span> <span class='ocrx_word' id='word_1_39' title='bbox 896 666 1060 716; x_wconf 77' lang='lat' dir='ltr'>potestas</span> <span class='ocrx_word' id='word_1_40' title='bbox 1088 668 1204 707; x_wconf 84' lang='lat' dir='ltr'>dabat</span> <span class='ocrx_word' id='word_1_41' title='bbox 1234 671 1287 708; x_wconf 86' lang='lat' dir='ltr'>eis</span> <span class='ocrx_word' id='word_1_42' title='bbox 1315 670 1358 709; x_wconf 88' lang='lat' dir='ltr'>in</span> <span class='ocrx_word' id='word_1_43' title='bbox 1394 674 1525 712; x_wconf 76' lang='lat' dir='ltr'>omnia</span> 
     </span>
     <span class='ocr_line' id='line_1_8' title="bbox 240 727 1519 780; baseline 0.005 -13"><span class='ocrx_word' id='word_1_44' title='bbox 240 728 393 768; x_wconf 76' lang='lat' dir='ltr'>senatus</span> <span class='ocrx_word' id='word_1_45' title='bbox 423 727 575 767; x_wconf 88' lang='lat' dir='ltr'>decreta</span> <span class='ocrx_word' id='word_1_46' title='bbox 603 727 828 775; x_wconf 81' lang='lat' dir='ltr'>arbitrium,</span> <span class='ocrx_word' id='word_1_47' title='bbox 852 736 894 766; x_wconf 89' lang='lat' dir='ltr'>ut</span> <span class='ocrx_word' id='word_1_48' title='bbox 919 727 1052 767; x_wconf 87' lang='lat' dir='ltr'>liceret</span> <span class='ocrx_word' id='word_1_49' title='bbox 1072 730 1149 778; x_wconf 84' lang='lat' dir='ltr'>eis,</span> <span class='ocrx_word' id='word_1_50' title='bbox 1176 730 1364 780; x_wconf 86' lang='lat' dir='ltr'>quidquid</span> <span class='ocrx_word' id='word_1_51' title='bbox 1388 746 1519 773; x_wconf 81' lang='lat' dir='ltr'>eorum</span> 
     </span>
     <span class='ocr_line' id='line_1_9' title="bbox 239 789 1520 841; baseline 0.004 -11"><span class='ocrx_word' id='word_1_52' title='bbox 239 790 483 841; x_wconf 76' lang='lat' dir='ltr'>displiceret,</span> <span class='ocrx_word' id='word_1_53' title='bbox 521 789 665 829; x_wconf 87' lang='lat' dir='ltr'>tollere.</span> <span class='ocrx_word' id='word_1_54' title='bbox 714 799 893 839; x_wconf 84' lang='lat' dir='ltr'>praeterea</span> <span class='ocrx_word' id='word_1_55' title='bbox 935 789 1189 831; x_wconf 49' lang='lat' dir='ltr'>sacrosanctos</span> <span class='ocrx_word' id='word_1_56' title='bbox 1227 792 1428 834; x_wconf 83' lang='lat' dir='ltr'>efficiendo</span> <span class='ocrx_word' id='word_1_57' title='bbox 1472 797 1520 835; x_wconf 86' lang='lat' dir='ltr'>ab</span> 
     </span>
     <span class='ocr_line' id='line_1_10' title="bbox 239 850 1519 899; baseline 0.004 -8"><span class='ocrx_word' id='word_1_58' title='bbox 239 852 348 892; x_wconf 82' lang='lat' dir='ltr'>omni</span> <span class='ocrx_word' id='word_1_59' title='bbox 373 850 607 890; x_wconf 86' lang='lat' dir='ltr'>defendebat</span> <span class='ocrx_word' id='word_1_60' title='bbox 633 851 790 899; x_wconf 84' lang='lat' dir='ltr'>injuria:</span> <span class='ocrx_word' id='word_1_61' title='bbox 817 852 942 899; x_wconf 88' lang='lat' dir='ltr'>adeo,</span> <span class='ocrx_word' id='word_1_62' title='bbox 974 860 1017 890; x_wconf 84' lang='lat' dir='ltr'>ut</span> <span class='ocrx_word' id='word_1_63' title='bbox 1047 852 1074 890; x_wconf 84' lang='lat' dir='ltr'><strong>fi</strong></span> <span class='ocrx_word' id='word_1_64' title='bbox 1104 852 1164 891; x_wconf 90' lang='lat' dir='ltr'>vel</span> <span class='ocrx_word' id='word_1_65' title='bbox 1190 853 1322 893; x_wconf 86' lang='lat' dir='ltr'>leviter</span> <span class='ocrx_word' id='word_1_66' title='bbox 1348 856 1385 895; x_wconf 89' lang='lat' dir='ltr'>se</span> <span class='ocrx_word' id='word_1_67' title='bbox 1413 856 1519 897; x_wconf 75' lang='lat' dir='ltr'>laesos</span> 
     </span>
     <span class='ocr_line' id='line_1_11' title="bbox 235 912 1520 965; baseline 0.002 -10"><span class='ocrx_word' id='word_1_68' title='bbox 235 913 356 956; x_wconf 77' lang='lat' dir='ltr'>verbo</span> <span class='ocrx_word' id='word_1_69' title='bbox 391 913 542 953; x_wconf 61' lang='lat' dir='ltr'>factove</span> <span class='ocrx_word' id='word_1_70' title='bbox 579 912 802 963; x_wconf 84' lang='lat' dir='ltr'>cujusquam</span> <span class='ocrx_word' id='word_1_71' title='bbox 834 912 1116 963; x_wconf 78' lang='lat' dir='ltr'>existimarent,</span> <span class='ocrx_word' id='word_1_72' title='bbox 1157 915 1305 965; x_wconf 74' lang='lat' dir='ltr'>possent</span> <span class='ocrx_word' id='word_1_73' title='bbox 1331 930 1420 957; x_wconf 87' lang='lat' dir='ltr'>eum</span> <span class='ocrx_word' id='word_1_74' title='bbox 1454 920 1520 958; x_wconf 77' lang='lat' dir='ltr'>in—</span> 
     </span>
     <span class='ocr_line' id='line_1_12' title="bbox 238 974 1517 1025; baseline 0 -8"><span class='ocrx_word' id='word_1_75' title='bbox 238 977 342 1017; x_wconf 66' lang='lat' dir='ltr'>dicta</span> <span class='ocrx_word' id='word_1_76' title='bbox 371 975 482 1017; x_wconf 82' lang='lat' dir='ltr'>causa</span> <span class='ocrx_word' id='word_1_77' title='bbox 507 983 692 1025; x_wconf 85' lang='lat' dir='ltr'>tanquam</span> <span class='ocrx_word' id='word_1_78' title='bbox 724 974 886 1024; x_wconf 87' lang='lat' dir='ltr'>impium</span> <span class='ocrx_word' id='word_1_79' title='bbox 910 976 944 1014; x_wconf 68' lang='grc' dir='ltr'>δε</span> <span class='ocrx_word' id='word_1_80' title='bbox 977 976 1164 1015; x_wconf 75' lang='lat' dir='ltr'>nefarium</span> <span class='ocrx_word' id='word_1_81' title='bbox 1190 975 1391 1018; x_wconf 87' lang='lat' dir='ltr'>hominem</span> <span class='ocrx_word' id='word_1_82' title='bbox 1413 983 1517 1021; x_wconf 83' lang='lat' dir='ltr'>occi-</span> 
     </span>
     <span class='ocr_line' id='line_1_13' title="bbox 237 1037 1517 1088; baseline -0.001 -8"><span class='ocrx_word' id='word_1_83' title='bbox 237 1042 339 1080; x_wconf 85' lang='lat' dir='ltr'>dere.</span> <span class='ocrx_word' id='word_1_84' title='bbox 375 1039 422 1080; x_wconf 92' lang='lat' dir='ltr'>Et</span> <span class='ocrx_word' id='word_1_85' title='bbox 447 1038 682 1078; x_wconf 83' lang='lat' dir='ltr'>tribunatum</span> <span class='ocrx_word' id='word_1_86' title='bbox 703 1037 883 1087; x_wconf 84' lang='lat' dir='ltr'>quidem,</span> <span class='ocrx_word' id='word_1_87' title='bbox 905 1042 1086 1088; x_wconf 82' lang='lat' dir='ltr'><strong>tanquam</strong></span> <span class='ocrx_word' id='word_1_88' title='bbox 1110 1039 1277 1088; x_wconf 82' lang='lat' dir='ltr'>patriciis</span> <span class='ocrx_word' id='word_1_89' title='bbox 1296 1042 1402 1082; x_wconf 85' lang='lat' dir='ltr'>haud</span> <span class='ocrx_word' id='word_1_90' title='bbox 1426 1056 1517 1083; x_wconf 61' lang='lat' dir='ltr'>con,</span> 
     </span>
     <span class='ocr_line' id='line_1_14' title="bbox 233 1098 1517 1151; baseline 0 -10"><span class='ocrx_word' id='word_1_91' title='bbox 233 1102 322 1142; x_wconf 84' lang='lat' dir='ltr'>cedi</span> <span class='ocrx_word' id='word_1_92' title='bbox 338 1100 517 1148; x_wconf 85' lang='lat' dir='ltr'>solitum,</span> <span class='ocrx_word' id='word_1_93' title='bbox 542 1112 620 1138; x_wconf 87' lang='lat' dir='ltr'>non</span> <span class='ocrx_word' id='word_1_94' title='bbox 638 1098 917 1149; x_wconf 79' lang='lat' dir='ltr'>suscipiebant:</span> <span class='ocrx_word' id='word_1_95' title='bbox 945 1101 1172 1150; x_wconf 82' lang='lat' dir='ltr'>potestatem</span> <span class='ocrx_word' id='word_1_96' title='bbox 1192 1108 1347 1149; x_wconf 83' lang='lat' dir='ltr'>autem,</span> <span class='ocrx_word' id='word_1_97' title='bbox 1375 1110 1517 1151; x_wconf 69' lang='lat' dir='ltr'>quantu</span> 
     </span>
     <span class='ocr_line' id='line_1_15' title="bbox 233 1161 1516 1214; baseline 0 -11"><span class='ocrx_word' id='word_1_98' title='bbox 233 1175 405 1214; x_wconf 81' lang='lat' dir='ltr'>unquam</span> <span class='ocrx_word' id='word_1_99' title='bbox 438 1163 512 1201; x_wconf 84' lang='lat' dir='ltr'>fuit</span> <span class='ocrx_word' id='word_1_100' title='bbox 542 1161 731 1210; x_wconf 81' lang='lat' dir='ltr'>maxima,</span> <span class='ocrx_word' id='word_1_101' title='bbox 773 1161 1040 1201; x_wconf 78' lang='lat' dir='ltr'>vindicabant:</span> <span class='ocrx_word' id='word_1_102' title='bbox 1076 1175 1190 1213; x_wconf 84' lang='lat' dir='ltr'>quam</span> <span class='ocrx_word' id='word_1_103' title='bbox 1225 1163 1313 1212; x_wconf 87' lang='lat' dir='ltr'>quia</span> <span class='ocrx_word' id='word_1_104' title='bbox 1350 1174 1516 1213; x_wconf 87' lang='lat' dir='ltr'>quotan-</span> 
     </span>
     <span class='ocr_line' id='line_1_16' title="bbox 230 1223 1515 1275; baseline -0.002 -9"><span class='ocrx_word' id='word_1_105' title='bbox 230 1227 320 1275; x_wconf 87' lang='lat' dir='ltr'>nis,</span> <span class='ocrx_word' id='word_1_106' title='bbox 347 1223 497 1275; x_wconf 87' lang='lat' dir='ltr'>quoties</span> <span class='ocrx_word' id='word_1_107' title='bbox 532 1223 775 1262; x_wconf 83' lang='lat' dir='ltr'>tribunorum</span> <span class='ocrx_word' id='word_1_108' title='bbox 803 1223 958 1261; x_wconf 81' lang='lat' dir='ltr'>comitia</span> <span class='ocrx_word' id='word_1_109' title='bbox 992 1223 1161 1272; x_wconf 71' lang='lat' dir='ltr'>perfecta</span> <span class='ocrx_word' id='word_1_110' title='bbox 1184 1232 1317 1270; x_wconf 84' lang='lat' dir='ltr'>erant,</span> <span class='ocrx_word' id='word_1_111' title='bbox 1351 1224 1515 1264; x_wconf 72' lang='lat' dir='ltr'>resume2</span> 
     </span>
     <span class='ocr_line' id='line_1_17' title="bbox 230 1282 1512 1338; baseline -0.002 -10"><span class='ocrx_word' id='word_1_112' title='bbox 230 1288 325 1329; x_wconf 86' lang='lat' dir='ltr'>bant</span> <span class='ocrx_word' id='word_1_113' title='bbox 344 1319 355 1337; x_wconf 94' lang='lat'>,</span> <span class='ocrx_word' id='word_1_114' title='bbox 379 1299 446 1338; x_wconf 86' lang='lat' dir='ltr'>per</span> <span class='ocrx_word' id='word_1_115' title='bbox 473 1296 593 1324; x_wconf 85' lang='lat' dir='ltr'>annos</span> <span class='ocrx_word' id='word_1_116' title='bbox 622 1283 825 1322; x_wconf 85' lang='lat' dir='ltr'>tribunitiae</span> <span class='ocrx_word' id='word_1_117' title='bbox 847 1282 1042 1334; x_wconf 85' lang='lat' dir='ltr'>potestatis</span> <span class='ocrx_word' id='word_1_118' title='bbox 1064 1283 1269 1334; x_wconf 86' lang='lat' dir='ltr'>imperium</span> <span class='ocrx_word' id='word_1_119' title='bbox 1293 1296 1427 1324; x_wconf 85' lang='lat' dir='ltr'>eorum</span> <span class='ocrx_word' id='word_1_120' title='bbox 1455 1288 1512 1325; x_wconf 77' lang='lat' dir='ltr'>di-</span> 
     </span>
     <span class='ocr_line' id='line_1_18' title="bbox 228 1346 853 1390; baseline -0.019 0"><span class='ocrx_word' id='word_1_121' title='bbox 228 1349 423 1390; x_wconf 82' lang='lat' dir='ltr'>numerari</span> <span class='ocrx_word' id='word_1_122' title='bbox 446 1346 626 1386; x_wconf 88' lang='lat' dir='ltr'>obtinuit.</span> <span class='ocrx_word' id='word_1_123' title='bbox 850 1351 853 1353; x_wconf 85' lang='grc'><em>·</em></span> 
     </span>
    </p>

    <p class='ocr_par' dir='ltr' id='par_1_4' title="bbox 216 1414 1508 2142">
     <span class='ocr_line' id='line_1_19' title="bbox 283 1414 1508 1467; baseline -0.007 -7"><span class='ocrx_word' id='word_1_124' title='bbox 283 1419 398 1460; x_wconf 90' lang='lat' dir='ltr'>CVII.</span> <span class='ocrx_word' id='word_1_125' title='bbox 431 1419 524 1458; x_wconf 86' lang='lat' dir='ltr'>Haec</span> <span class='ocrx_word' id='word_1_126' title='bbox 556 1416 669 1467; x_wconf 85' lang='lat' dir='ltr'>igitur</span> <span class='ocrx_word' id='word_1_127' title='bbox 691 1422 872 1465; x_wconf 78' lang='lat' dir='ltr'>tanquam</span> <span class='ocrx_word' id='word_1_128' title='bbox 904 1428 925 1454; x_wconf 85' lang='lat' dir='ltr'>a</span> <span class='ocrx_word' id='word_1_129' title='bbox 947 1414 1091 1466; x_wconf 84' lang='lat' dir='ltr'>populo</span> <span class='ocrx_word' id='word_1_130' title='bbox 1124 1422 1310 1465; x_wconf 74' lang='lat' dir='ltr'>accepta,</span> <span class='ocrx_word' id='word_1_131' title='bbox 1340 1416 1389 1455; x_wconf 83' lang='lat' dir='ltr'>ad</span> <span class='ocrx_word' id='word_1_132' title='bbox 1414 1415 1508 1456; x_wconf 66' lang='lat' dir='ltr'>ima„</span> 
     </span>
     <span class='ocr_line' id='line_1_20' title="bbox 223 1477 1505 1534; baseline -0.003 -12"><span class='ocrx_word' id='word_1_133' title='bbox 223 1485 357 1534; x_wconf 78' lang='lat' dir='ltr'>ginem</span> <span class='ocrx_word' id='word_1_134' title='bbox 387 1481 551 1530; x_wconf 85' lang='lat' dir='ltr'>antiquae</span> <span class='ocrx_word' id='word_1_135' title='bbox 578 1477 821 1528; x_wconf 84' lang='lat' dir='ltr'>reipublicae,</span> <span class='ocrx_word' id='word_1_136' title='bbox 849 1477 1039 1528; x_wconf 84' lang='lat' dir='ltr'>principes</span> <span class='ocrx_word' id='word_1_137' title='bbox 1065 1477 1290 1516; x_wconf 82' lang='lat' dir='ltr'>habuerunt.</span> <span class='ocrx_word' id='word_1_138' title='bbox 1323 1477 1505 1518; x_wconf 83' lang='lat' dir='ltr'>Ceterum</span> 
     </span>
     <span class='ocr_line' id='line_1_21' title="bbox 222 1539 1506 1595; baseline -0.004 -10"><span class='ocrx_word' id='word_1_139' title='bbox 222 1559 306 1585; x_wconf 74' lang='lat' dir='ltr'>rem</span> <span class='ocrx_word' id='word_1_140' title='bbox 328 1542 560 1595; x_wconf 80' lang='lat' dir='ltr'>paucissimis</span> <span class='ocrx_word' id='word_1_141' title='bbox 591 1540 708 1588; x_wconf 58' lang='lat' dir='ltr'>olim}</span> <span class='ocrx_word' id='word_1_142' title='bbox 741 1543 775 1580; x_wconf 71' lang='grc' dir='ltr'>δε</span> <span class='ocrx_word' id='word_1_143' title='bbox 801 1549 949 1580; x_wconf 85' lang='lat' dir='ltr'>tantum</span> <span class='ocrx_word' id='word_1_144' title='bbox 974 1547 1094 1579; x_wconf 83' lang='lat' dir='ltr'>certas</span> <span class='ocrx_word' id='word_1_145' title='bbox 1120 1539 1159 1578; x_wconf 85' lang='lat' dir='ltr'>in</span> <span class='ocrx_word' id='word_1_146' title='bbox 1189 1540 1318 1579; x_wconf 73' lang='lat' dir='ltr'>causas</span> <span class='ocrx_word' id='word_1_147' title='bbox 1351 1542 1506 1580; x_wconf 75' lang='lat' dir='ltr'>conces-</span> 
     </span>
     <span class='ocr_line' id='line_1_22' title="bbox 221 1601 1504 1655; baseline -0.007 -7"><span class='ocrx_word' id='word_1_148' title='bbox 221 1607 305 1648; x_wconf 80' lang='lat' dir='ltr'>sam</span> <span class='ocrx_word' id='word_1_149' title='bbox 319 1637 330 1655; x_wconf 88' lang='lat'>‚</span> <span class='ocrx_word' id='word_1_150' title='bbox 350 1604 599 1645; x_wconf 77' lang='lat' dir='ltr'>assumserunt</span> <span class='ocrx_word' id='word_1_151' title='bbox 624 1604 664 1641; x_wconf 87' lang='lat' dir='ltr'>in</span> <span class='ocrx_word' id='word_1_152' title='bbox 689 1603 818 1642; x_wconf 84' lang='lat' dir='ltr'>omnia</span> <span class='ocrx_word' id='word_1_153' title='bbox 834 1633 845 1650; x_wconf 85' lang='lat'>,</span> <span class='ocrx_word' id='word_1_154' title='bbox 866 1611 908 1642; x_wconf 89' lang='lat' dir='ltr'>ut</span> <span class='ocrx_word' id='word_1_155' title='bbox 927 1601 1075 1653; x_wconf 84' lang='lat' dir='ltr'>legibus</span> <span class='ocrx_word' id='word_1_156' title='bbox 1100 1601 1344 1641; x_wconf 86' lang='lat' dir='ltr'>solverentur.</span> <span class='ocrx_word' id='word_1_157' title='bbox 1382 1603 1504 1641; x_wconf 82' lang='lat' dir='ltr'>Patris</span> 
     </span>
     <span class='ocr_line' id='line_1_23' title="bbox 223 1663 1504 1717; baseline -0.006 -7"><span class='ocrx_word' id='word_1_158' title='bbox 223 1678 355 1710; x_wconf 78' lang='lat' dir='ltr'>autem</span> <span class='ocrx_word' id='word_1_159' title='bbox 370 1665 668 1717; x_wconf 78' lang='lat' dir='ltr'>appellationem</span> <span class='ocrx_word' id='word_1_160' title='bbox 680 1694 691 1712; x_wconf 88' lang='lat'>,</span> <span class='ocrx_word' id='word_1_161' title='bbox 706 1663 864 1704; x_wconf 80' lang='lat' dir='ltr'>honoris</span> <span class='ocrx_word' id='word_1_162' title='bbox 877 1663 961 1715; x_wconf 88' lang='lat' dir='ltr'>plus</span> <span class='ocrx_word' id='word_1_163' title='bbox 979 1663 1200 1703; x_wconf 84' lang='lat' dir='ltr'>afferentem</span> <span class='ocrx_word' id='word_1_164' title='bbox 1213 1693 1224 1712; x_wconf 73' lang='lat'>,</span> <span class='ocrx_word' id='word_1_165' title='bbox 1241 1676 1354 1713; x_wconf 85' lang='lat' dir='ltr'>quam</span> <span class='ocrx_word' id='word_1_166' title='bbox 1368 1671 1504 1714; x_wconf 87' lang='lat' dir='ltr'>poten-</span> 
     </span>
     <span class='ocr_line' id='line_1_24' title="bbox 221 1724 1502 1779; baseline -0.006 -9"><span class='ocrx_word' id='word_1_167' title='bbox 221 1732 310 1778; x_wconf 83' lang='lat' dir='ltr'>tiae,</span> <span class='ocrx_word' id='word_1_168' title='bbox 335 1730 527 1769; x_wconf 85' lang='lat' dir='ltr'>servarunt</span> <span class='ocrx_word' id='word_1_169' title='bbox 547 1727 690 1766; x_wconf 85' lang='lat' dir='ltr'>ominis</span> <span class='ocrx_word' id='word_1_170' title='bbox 713 1725 847 1766; x_wconf 83' lang='lat' dir='ltr'>causa:</span> <span class='ocrx_word' id='word_1_171' title='bbox 889 1727 1110 1779; x_wconf 81' lang='lat' dir='ltr'>Caesaresque</span> <span class='ocrx_word' id='word_1_172' title='bbox 1131 1726 1166 1764; x_wconf 69' lang='grc' dir='ltr'>ἅτ</span> <span class='ocrx_word' id='word_1_173' title='bbox 1196 1725 1346 1776; x_wconf 78' lang='lat' dir='ltr'>Augusti</span> <span class='ocrx_word' id='word_1_174' title='bbox 1375 1724 1502 1762; x_wconf 79' lang='lat' dir='ltr'>vocari</span> 
     </span>
     <span class='ocr_line' id='line_1_25' title="bbox 219 1783 1499 1837; baseline -0.007 -6"><span class='ocrx_word' id='word_1_175' title='bbox 219 1791 447 1837; x_wconf 84' lang='lat' dir='ltr'>voluerunt,</span> <span class='ocrx_word' id='word_1_176' title='bbox 468 1788 628 1828; x_wconf 82' lang='lat' dir='ltr'>alterum</span> <span class='ocrx_word' id='word_1_177' title='bbox 648 1786 883 1837; x_wconf 80' lang='lat' dir='ltr'>fignificandi</span> <span class='ocrx_word' id='word_1_178' title='bbox 907 1786 1047 1836; x_wconf 69' lang='lat' dir='ltr'>gratia,</span> <span class='ocrx_word' id='word_1_179' title='bbox 1069 1785 1205 1835; x_wconf 86' lang='lat' dir='ltr'>quibus</span> <span class='ocrx_word' id='word_1_180' title='bbox 1225 1783 1499 1833; x_wconf 73' lang='lat' dir='ltr'>succeffiffenc3</span> 
     </span>
     <span class='ocr_line' id='line_1_26' title="bbox 219 1845 1499 1901; baseline -0.005 -9"><span class='ocrx_word' id='word_1_181' title='bbox 219 1853 383 1892; x_wconf 81' lang='lat' dir='ltr'>alterum</span> <span class='ocrx_word' id='word_1_182' title='bbox 412 1849 672 1901; x_wconf 78' lang='lat' dir='ltr'>exprimendae</span> <span class='ocrx_word' id='word_1_183' title='bbox 694 1847 940 1898; x_wconf 83' lang='lat' dir='ltr'>amplitudini</span> <span class='ocrx_word' id='word_1_184' title='bbox 965 1847 1038 1885; x_wconf 83' lang='lat' dir='ltr'>suae</span> <span class='ocrx_word' id='word_1_185' title='bbox 1068 1845 1320 1896; x_wconf 82' lang='lat' dir='ltr'>dignitatique</span> <span class='ocrx_word' id='word_1_186' title='bbox 1352 1856 1499 1895; x_wconf 83' lang='lat' dir='ltr'>aptum.</span> 
     </span>
     <span class='ocr_line' id='line_1_27' title="bbox 218 1903 1494 1963; baseline -0.008 -10"><span class='ocrx_word' id='word_1_187' title='bbox 218 1915 316 1955; x_wconf 84' lang='lat' dir='ltr'>Haec</span> <span class='ocrx_word' id='word_1_188' title='bbox 347 1913 459 1963; x_wconf 85' lang='lat' dir='ltr'>igitur</span> <span class='ocrx_word' id='word_1_189' title='bbox 487 1909 740 1950; x_wconf 83' lang='lat' dir='ltr'>commutatio</span> <span class='ocrx_word' id='word_1_190' title='bbox 773 1921 926 1954; x_wconf 84' lang='lat' dir='ltr'>rerum,</span> <span class='ocrx_word' id='word_1_191' title='bbox 957 1919 1045 1946; x_wconf 87' lang='lat' dir='ltr'>cum</span> <span class='ocrx_word' id='word_1_192' title='bbox 1071 1906 1225 1956; x_wconf 84' lang='lat' dir='ltr'>publice</span> <span class='ocrx_word' id='word_1_193' title='bbox 1258 1905 1348 1944; x_wconf 74' lang='lat' dir='ltr'>esset</span> <span class='ocrx_word' id='word_1_194' title='bbox 1378 1903 1494 1945; x_wconf 79' lang='lat' dir='ltr'>utilis-</span> 
     </span>
     <span class='ocr_line' id='line_1_28' title="bbox 216 1967 1495 2026; baseline -0.008 -11"><span class='ocrx_word' id='word_1_195' title='bbox 216 1976 333 2022; x_wconf 80' lang='lat' dir='ltr'>sima,</span> <span class='ocrx_word' id='word_1_196' title='bbox 359 1974 596 2026; x_wconf 82' lang='lat' dir='ltr'>(deventum</span> <span class='ocrx_word' id='word_1_197' title='bbox 629 1971 732 2009; x_wconf 85' lang='lat' dir='ltr'>enirn</span> <span class='ocrx_word' id='word_1_198' title='bbox 765 1982 810 2008; x_wconf 91' lang='lat' dir='ltr'>eo</span> <span class='ocrx_word' id='word_1_199' title='bbox 837 1980 942 2014; x_wconf 79' lang='lat' dir='ltr'>erat,</span> <span class='ocrx_word' id='word_1_200' title='bbox 967 1977 1009 2007; x_wconf 88' lang='lat' dir='ltr'>ut</span> <span class='ocrx_word' id='word_1_201' title='bbox 1034 1968 1133 2007; x_wconf 84' lang='lat' dir='ltr'>salva</span> <span class='ocrx_word' id='word_1_202' title='bbox 1160 1967 1233 2006; x_wconf 79' lang='lat' dir='ltr'>effe</span> <span class='ocrx_word' id='word_1_203' title='bbox 1266 1967 1389 2007; x_wconf 78' lang='lat' dir='ltr'>Roma</span> <span class='ocrx_word' id='word_1_204' title='bbox 1415 1981 1495 2006; x_wconf 84' lang='lat' dir='ltr'>non</span> 
     </span>
     <span class='ocr_line' id='line_1_29' title="bbox 217 2029 1492 2086; baseline -0.004 -13"><span class='ocrx_word' id='word_1_205' title='bbox 217 2034 363 2086; x_wconf 73' lang='lat' dir='ltr'>posset,</span> <span class='ocrx_word' id='word_1_206' title='bbox 393 2032 460 2071; x_wconf 79' lang='lat' dir='ltr'>nisi</span> <span class='ocrx_word' id='word_1_207' title='bbox 491 2031 538 2070; x_wconf 89' lang='lat' dir='ltr'>ab</span> <span class='ocrx_word' id='word_1_208' title='bbox 565 2043 642 2070; x_wconf 89' lang='lat' dir='ltr'>uno</span> <span class='ocrx_word' id='word_1_209' title='bbox 669 2030 888 2082; x_wconf 82' lang='lat' dir='ltr'>regeretur)</span> <span class='ocrx_word' id='word_1_210' title='bbox 921 2042 1043 2068; x_wconf 87' lang='lat' dir='ltr'>rerum</span> <span class='ocrx_word' id='word_1_211' title='bbox 1069 2029 1252 2079; x_wconf 86' lang='lat' dir='ltr'>gestarum</span> <span class='ocrx_word' id='word_1_212' title='bbox 1287 2029 1492 2078; x_wconf 76' lang='lat' dir='ltr'>expolitio-</span> 
     </span>
     <span class='ocr_line' id='line_1_30' title="bbox 216 2089 1439 2142; baseline -0.005 -7"><span class='ocrx_word' id='word_1_213' title='bbox 216 2097 258 2135; x_wconf 85' lang='lat' dir='ltr'>ni</span> <span class='ocrx_word' id='word_1_214' title='bbox 289 2093 414 2134; x_wconf 83' lang='lat' dir='ltr'>fraudi</span> <span class='ocrx_word' id='word_1_215' title='bbox 439 2093 534 2138; x_wconf 85' lang='lat' dir='ltr'>fuit,</span> <span class='ocrx_word' id='word_1_216' title='bbox 559 2100 601 2131; x_wconf 91' lang='lat' dir='ltr'>ut</span> <span class='ocrx_word' id='word_1_217' title='bbox 625 2091 813 2142; x_wconf 86' lang='lat' dir='ltr'>angustior</span> <span class='ocrx_word' id='word_1_218' title='bbox 847 2089 921 2132; x_wconf 83' lang='lat' dir='ltr'>effe</span> <span class='ocrx_word' id='word_1_219' title='bbox 945 2091 1159 2140; x_wconf 85' lang='lat' dir='ltr'>inciperet,</span> <span class='ocrx_word' id='word_1_220' title='bbox 1183 2092 1218 2129; x_wconf 83' lang='lat'>&amp;</span> <span class='ocrx_word' id='word_1_221' title='bbox 1243 2090 1439 2129; x_wconf 86' lang='lat' dir='ltr'>incertior.</span> 
     </span>
    </p>

    <p class='ocr_par' dir='ltr' id='par_1_5' title="bbox 208 2159 1490 2461">
     <span class='ocr_line' id='line_1_31' title="bbox 289 2159 1490 2214; baseline -0.009 -9"><span class='ocrx_word' id='word_1_222' title='bbox 289 2165 425 2206; x_wconf 89' lang='lat' dir='ltr'>CVIII.</span> <span class='ocrx_word' id='word_1_223' title='bbox 457 2162 720 2214; x_wconf 82' lang='lat' dir='ltr'>Superioribus</span> <span class='ocrx_word' id='word_1_224' title='bbox 746 2161 848 2200; x_wconf 87' lang='lat' dir='ltr'>enim</span> <span class='ocrx_word' id='word_1_225' title='bbox 883 2159 1147 2210; x_wconf 83' lang='lat' dir='ltr'>temporibus,</span> <span class='ocrx_word' id='word_1_226' title='bbox 1180 2171 1268 2197; x_wconf 87' lang='lat' dir='ltr'>cum</span> <span class='ocrx_word' id='word_1_227' title='bbox 1302 2172 1384 2209; x_wconf 88' lang='lat' dir='ltr'>quae</span> <span class='ocrx_word' id='word_1_228' title='bbox 1423 2159 1490 2198; x_wconf 83' lang='lat' dir='ltr'>fie-</span> 
     </span>
     <span class='ocr_line' id='line_1_32' title="bbox 210 2222 1484 2274; baseline -0.006 -6"><span class='ocrx_word' id='word_1_229' title='bbox 210 2237 298 2269; x_wconf 70' lang='lat' dir='ltr'>rent</span> <span class='ocrx_word' id='word_1_230' title='bbox 320 2228 450 2266; x_wconf 86' lang='lat' dir='ltr'>omnia</span> <span class='ocrx_word' id='word_1_231' title='bbox 480 2225 624 2264; x_wconf 81' lang='lat' dir='ltr'>senatui</span> <span class='ocrx_word' id='word_1_232' title='bbox 648 2224 869 2274; x_wconf 88' lang='lat' dir='ltr'>populoque</span> <span class='ocrx_word' id='word_1_233' title='bbox 895 2223 1069 2262; x_wconf 81' lang='lat' dir='ltr'>Romano</span> <span class='ocrx_word' id='word_1_234' title='bbox 1094 2222 1425 2270; x_wconf 86' lang='lat' dir='ltr'>renuntiarentur,</span> <span class='ocrx_word' id='word_1_235' title='bbox 1462 2235 1484 2260; x_wconf 78' lang='lat' dir='ltr'><strong>a</strong></span> 
     </span>
     <span class='ocr_line' id='line_1_33' title="bbox 211 2286 1483 2337; baseline -0.007 -8"><span class='ocrx_word' id='word_1_236' title='bbox 211 2289 344 2330; x_wconf 83' lang='lat' dir='ltr'>multis</span> <span class='ocrx_word' id='word_1_237' title='bbox 372 2287 495 2337; x_wconf 85' lang='lat' dir='ltr'>excipi</span> <span class='ocrx_word' id='word_1_238' title='bbox 520 2286 808 2336; x_wconf 80' lang='lat' dir='ltr'>confignarique</span> <span class='ocrx_word' id='word_1_239' title='bbox 832 2294 1061 2335; x_wconf 82' lang='lat' dir='ltr'>potuerunt:</span> <span class='ocrx_word' id='word_1_240' title='bbox 1096 2287 1131 2323; x_wconf 64' lang='grc' dir='ltr'>ἃ</span> <span class='ocrx_word' id='word_1_241' title='bbox 1158 2295 1414 2333; x_wconf 77' lang='lat' dir='ltr'>quamquam,</span> <span class='ocrx_word' id='word_1_242' title='bbox 1438 2292 1483 2320; x_wconf 86' lang='lat' dir='ltr'>ut</span> 
     </span>
     <span class='ocr_line' id='line_1_34' title="bbox 208 2343 1482 2399; baseline -0.007 -8"><span class='ocrx_word' id='word_1_243' title='bbox 208 2351 280 2399; x_wconf 79' lang='lat' dir='ltr'>fit,</span> <span class='ocrx_word' id='word_1_244' title='bbox 310 2364 330 2390; x_wconf 75' lang='lat' dir='ltr'>a</span> <span class='ocrx_word' id='word_1_245' title='bbox 355 2348 547 2389; x_wconf 87' lang='lat' dir='ltr'>nonnullis</span> <span class='ocrx_word' id='word_1_246' title='bbox 577 2348 705 2386; x_wconf 87' lang='lat' dir='ltr'>timori</span> <span class='ocrx_word' id='word_1_247' title='bbox 732 2347 936 2397; x_wconf 80' lang='lat' dir='ltr'>gratiaeque</span> <span class='ocrx_word' id='word_1_248' title='bbox 964 2354 1027 2385; x_wconf 86' lang='lat' dir='ltr'>aut</span> <span class='ocrx_word' id='word_1_249' title='bbox 1060 2344 1310 2384; x_wconf 78' lang='lat' dir='ltr'>simultatibus</span> <span class='ocrx_word' id='word_1_250' title='bbox 1340 2343 1482 2393; x_wconf 80' lang='lat' dir='ltr'>aliquid</span> 
     </span>
     <span class='ocr_line' id='line_1_35' title="bbox 210 2404 1480 2461; baseline -0.009 -8"><span class='ocrx_word' id='word_1_251' title='bbox 210 2413 388 2461; x_wconf 72' lang='lat' dir='ltr'>daretur,</span> <span class='ocrx_word' id='word_1_252' title='bbox 417 2420 547 2451; x_wconf 80' lang='lat' dir='ltr'>tamen</span> <span class='ocrx_word' id='word_1_253' title='bbox 575 2410 677 2461; x_wconf 84' lang='lat' dir='ltr'>apud</span> <span class='ocrx_word' id='word_1_254' title='bbox 714 2408 835 2458; x_wconf 80' lang='lat' dir='ltr'>alios,</span> <span class='ocrx_word' id='word_1_255' title='bbox 874 2410 909 2449; x_wconf 58' lang='lat' dir='ltr'>C&lt;</span> <span class='ocrx_word' id='word_1_256' title='bbox 939 2410 978 2447; x_wconf 89' lang='lat' dir='ltr'>in</span> <span class='ocrx_word' id='word_1_257' title='bbox 1007 2405 1169 2460; x_wconf 89' lang='lat' dir='ltr'>publicis</span> <span class='ocrx_word' id='word_1_258' title='bbox 1199 2404 1480 2445; x_wconf 58' lang='lat' dir='ltr'>commentariis,</span> 
     </span>
    </p>
   </div>
   <div class='ocr_carea' id='block_1_3' title="bbox 250 2538 1475 2593">
    <p class='ocr_par' dir='ltr' id='par_1_6' title="bbox 250 2538 1475 2593">
     <span class='ocr_line' id='line_1_36' title="bbox 250 2538 1475 2593; baseline -0.005 -13"><span class='ocrx_word' id='word_1_259' title='bbox 250 2548 274 2593; x_wconf 69' lang='grc'>5</span> <span class='ocrx_word' id='word_1_260' title='bbox 300 2546 374 2585; x_wconf 62' lang='lat' dir='ltr'>CV0</span> <span class='ocrx_word' id='word_1_261' title='bbox 400 2546 584 2593; x_wconf 49' lang='lat' dir='ltr'>Eutrop.)⁵</span> <span class='ocrx_word' id='word_1_262' title='bbox 613 2555 642 2582; x_wconf 65' lang='lat'>³2</span> <span class='ocrx_word' id='word_1_263' title='bbox 664 2543 807 2588; x_wconf 44' lang='lat' dir='ltr'>Flora„</span> <span class='ocrx_word' id='word_1_264' title='bbox 831 2554 865 2581; x_wconf 73' lang='lat'>2.</span> <span class='ocrx_word' id='word_1_265' title='bbox 884 2543 995 2580; x_wconf 76' lang='lat' dir='ltr'>Tacit.</span> <span class='ocrx_word' id='word_1_266' title='bbox 1011 2542 1091 2579; x_wconf 68' lang='lat' dir='ltr'>Dim</span> <span class='ocrx_word' id='word_1_267' title='bbox 1114 2541 1136 2587; x_wconf 84' lang='lat'>§</span> <span class='ocrx_word' id='word_1_268' title='bbox 1160 2540 1265 2580; x_wconf 72' lang='lat' dir='ltr'>CVII.</span> <span class='ocrx_word' id='word_1_269' title='bbox 1285 2539 1374 2580; x_wconf 75' lang='lat' dir='ltr'>flor.</span> <span class='ocrx_word' id='word_1_270' title='bbox 1397 2538 1475 2571; x_wconf 44' lang='lat' dir='ltr'>Di&amp;</span> 
     </span>
    </p>
   </div>
  </div>
 </body>
</html>
