1617 2963
188 171 267 219 IN
303 172 474 218 Loc,
524 170 652 220 tiu.
700 136 948 220 cxirxvr
1001 174 1144 225 mv,
1240 190 1323 239 πμ

62 287 127 314 aut
143 291 243 329 gener
260 278 437 317 habendus
446 279 513 327 fit,
540 289 602 316 aut
622 279 840 317 occidendus.
869 279 913 319 Id
938 282 1135 322 consilium
1157 296 1243 324 cum
1267 287 1332 326 dee

65 338 198 387 disset,
224 341 359 377 excivit
388 339 593 388 Agrippam
615 337 662 376 ab
690 338 768 376 Alia
787 339 1125 393 Caesar‚n1isitque
1146 346 1304 386 Romam
1320 375 1334 397 ,

48 400 196 450 dimifflz
223 399 395 438 Marcella
414 400 501 438 Juli.
504 413 549 436 zm
570 400 686 436 ducere
710 399 870 448 jussum,
897 404 1054 455 urbisne
1077 418 1193 443 curam
1216 408 1336 459 capest-

54 461 139 510 [σε.
173 460 308 499 Habeo
335 461 524 508 auctores,
553 458 744 499 Marcellae
767 468 927 501 matrem
943 463 1139 505 Octaviam
1160 468 1199 506 id
1217 469 1336 508 Confi.

63 519 158 560 lium
178 521 321 561 dediffe
338 521 494 567 Caesari,
515 533 603 560 cum
627 522 772 559 videret
788 523 896 561 anxie
919 526 1150 574 cogitantem
1166 558 1178 578 ,
1203 543 1335 579 quem-

63 595 152 622 nam
175 584 387 622 amicorum
417 591 519 622 tanta
546 583 767 622 conditione
792 582 991 624 attolleret.

117 646 210 685 XX.
242 647 388 685 Eadem
414 646 550 692 filiam,
574 645 620 684 ab
651 646 813 695 Agrippa
831 647 1146 697 diiniss'a1n‚Julo
1163 654 1333 694 Antonio

64 706 121 747 M.
144 707 183 746 F.
202 708 421 747 collocavit.
448 707 624 747 Ceterum
644 708 800 745 minime
820 707 955 746 fefellit
976 709 1160 751 Caesarem
1178 715 1330 764 opinioz

63 779 191 808 motus
208 770 370 808 urbanos
384 770 549 820 Agrippa
575 779 720 808 mature
741 769 982 820 composuit:
1008 775 1227 822 praefectum.
1250 777 1335 817 urbi

63 829 284 870 Latinarum
303 830 412 870 causa
428 862 439 880 ‚
467 844 555 870 cum
580 844 623 869 ea
652 844 804 881 quoque
830 832 879 870 de
908 845 947 871 re
971 838 1179 875 certamina
1204 848 1336 881 exorta

62 906 143 932 non
167 893 428 943 quiescerent,
461 895 581 934 creari
609 895 750 933 vetuit:
778 894 957 945 AEgyptia
983 895 1109 946 sacra,
1135 901 1272 941 iterum
1293 905 1335 943 in

63 956 200 995 urbem
235 957 510 996 diffimulanter
545 956 781 1004 introducta,
817 957 912 996 ultra
945 959 1176 1010 quingentos
1210 965 1336 1013 passus

64 1017 271 1058 submovit.
299 1019 417 1059 Caesar
440 1021 617 1067 interim,
640 1019 848 1058 constitutis
870 1020 1005 1060 Siciliae
1032 1022 1142 1062 rebus
1158 1052 1170 1072 ‚
1200 1027 1235 1064 ἃ
1265 1028 1340 1077 Sy..

66 1082 202 1120 racufis
230 1080 384 1130 aliisque
412 1080 628 1119 civitatibus
653 1080 812 1120 coloniae
833 1082 1014 1121 Romanae
1036 1085 1117 1132 jure
1139 1088 1338 1138 concesso,

64 1144 106 1182 in
122 1144 302 1183 Graeciam
324 1144 523 1192 trajectus,
547 1142 844 1183 Lacedaemoniis
859 1173 873 1191 ,
904 1145 1008 1194 quod
1034 1146 1180 1186 Liviam
1204 1147 1306 1189 suam
1323 1181 1335 1200 ,

65 1218 142 1255 quo
176 1212 348 1254 tempore
380 1215 469 1243 cum
505 1205 585 1242 viro
615 1216 663 1242 ex
689 1203 796 1243 Italia
830 1204 1072 1255 profugerat,
1102 1207 1336 1259 hospitaliter

65 1265 307 1314 habuissent,
344 1266 391 1304 de
420 1274 579 1315 quatuor
616 1267 651 1305 ἃ
677 1266 810 1317 viginti
846 1266 1231 1311 Eleutherolaconum
1260 1286 1338 1323 op·-

66 1329 164 1379 pidis
179 1359 190 1376 ,
207 1327 370 1378 Cythera
399 1331 486 1366 curn
508 1326 589 1366 aliis
613 1328 783 1376 quinque
804 1327 936 1376 dedit;
960 1330 1148 1380 principes
1171 1333 1338 1375 civitatis

67 1402 188 1429 coenae
220 1389 292 1428 suae
321 1388 507 1428 adhibuit.
541 1387 831 1427 Atheniensibus
852 1398 1004 1437 contra,
1037 1401 1191 1441 propter
1219 1395 1335 1434 Anto-
1374 1411 1376 1414 ·

65 1453 118 1490 nii
133 1452 325 1499 favorem,
340 1451 512 1500 AEginam
528 1462 572 1489 ac
594 1450 774 1490 Eretriam
793 1451 955 1499 ademit3
980 1453 1180 1493 interdieto
1193 1456 1334 1506 etiam,
1384 1448 1389 1453 ‘

66 1529 107 1552 m
124 1513 185 1563 jus
209 1515 366 1552 civitatis
383 1514 459 1564 suae
483 1513 641 1564 cuiquam
660 1514 848 1550 venderent.

120 1575 231 1615 XXI.
256 1575 348 1614 Eam
367 1573 434 1613 fibi
453 1573 709 1612 calamitatem
731 1572 838 1612 fuisse
862 1573 1104 1623 fignificatam
1132 1578 1339 1629 prodigio,‘

67 1637 312 1680 Athenienses
338 1646 539 1688 putavere,
563 1637 667 1686 quod
687 1637 869 1676 Minervae
897 1638 993 1676 stans
1017 1639 1056 1676 in
1085 1651 1170 1678 arce
1186 1639 1336 1681 simula.

67 1712 201 1748 crum,
226 1699 274 1738 ab
301 1699 458 1738 Oriente
491 1699 527 1737 se
547 1700 597 1738 ad
619 1699 872 1738 Occidentem
897 1708 1160 1749 converterat,
1186 1701 1333 1753 sangui-

68 1774 232 1811 nemque
257 1759 469 1811 exspuerat.
503 1761 574 1800 His
598 1759 751 1809 aliisque
775 1761 884 1800 rebus
906 1761 956 1799 ita
982 1762 1186 1810 confee‘tis,
1208 1764 1246 1802 in
1271 1765 1337 1804 Saa

67 1837 131 1864 mo
164 1824 328 1862 hiemem
361 1822 488 1872 exegit
519 1822 650 1862 Caesar.
694 1822 823 1865 Romae
851 1830 1007 1871 pontem
1038 1822 1253 1862 Fabricium
1281 1837 1338 1864 re-

67 1887 212 1926 fec‘tum
241 1898 261 1923 a
280 1883 321 1924 L.
352 1884 524 1923 Fabricio
555 1885 596 1924 C.
625 1883 665 1922 F.
694 1892 865 1922 curatore
890 1884 1061 1929 viarum,
1091 1885 1140 1934 Q.
1170 1885 1340 1936 Lepidus

67 1949 127 1990 Ν.
153 1947 193 1987 F.
219 1947 275 1987 M.
306 1945 447 1985 Lollius
469 1946 524 1986 Μ.
553 1945 593 1985 F.
618 1945 706 1985 coff.
744 1958 790 1984 ex
813 1945 882 1985 SC.
910 1946 1191 1995 probaverunt:
1233 1950 1268 1987 &
1293 1948 1337 1988 L,

71 2009 314 2059 Sempronius
339 2008 379 2048 L.
400 2007 439 2049 F.
465 2008 506 2047 L.
530 2008 577 2048 N.
596 2008 785 2047 Atratinus
812 2006 1039 2056 proconsule
1062 2020 1109 2046 ex
1137 2008 1261 2047 Africa
1286 2009 1339 2048 IV

71 2071 162 2111 Idus
197 2071 283 2110 Oet.
314 2069 572 2120 triumphavit.
608 2070 692 2117 Jam
730 2071 785 2110 M.
815 2069 996 2119 Apulejus
1037 2070 1123 2109 Sex.
1153 2070 1192 2109 F.
1219 2071 1253 2109 P.
1282 2071 1338 2110 Sia

71 2130 144 2170 lius
168 2131 209 2170 P.
250 2131 288 2170 F.
324 2131 448 2170 Nerva
482 2129 654 2170 consules
687 2140 818 2177 erant,
855 2142 943 2169 curn
979 2131 1093 2169 Samo
1130 2131 1340 2180 progressus

73 2192 193 2232 Caesar
220 2191 338 2231 Asiam
371 2203 415 2228 ac
440 2191 657 2242 Bithyniam
688 2194 722 2231 &
749 2193 894 2241 Syriam
921 2192 1056 2231 invisit.
1092 2192 1338 2242 Quamquam

72 2258 175 2295 enim
204 2255 259 2293 hze
288 2254 420 2305 populi
444 2256 651 2305 provinciae
675 2255 923 2305 dicebantur,
956 2269 1034 2295 non
1064 2257 1202 2295 minori
1237 2267 1337 2295 cura?

118 2372 141 2418 5
168 2373 260 2407 XIX.
284 2373 372 2406 Pint.
392 2374 425 2406 in
452 2373 582 2406 Anton.
604 2385 633 2408 c.
656 2384 709 2418 90.
724 2374 832 2410 Tacit.
858 2375 879 2419 5
907 2374 983 2411 XX.
1011 2373 1101 2408 Plut.
1128 2373 1211 2412 Dio,

137 2443 188 2489 T.
209 2443 324 2490 Livii
358 2447 456 2490 Vol.
489 2443 606 2490 XII.
1071 2442 1119 2498 Q
