1617 2963
223 206 303 254 ΙΝ
349 206 517 252 LOC.
566 205 696 252 LIB.
741 205 923 252 CXXX
951 205 1103 251 LIV.
1277 219 1339 264 59

47 313 149 355 Tum
173 314 244 352 iter
269 314 310 365 ὃς
336 325 502 363 pugnam
528 312 790 350 continuando
821 312 987 361 primum
1009 322 1149 361 agmen
1170 309 1333 349 fluvium

51 375 208 425 attigit:
248 374 482 424 objectisque
508 373 556 412 ad
581 373 790 412 arcendum
820 374 966 413 hostem
988 372 1208 424 equitibuS,
1230 371 1338 422 quod

51 437 272 478 vulneribus
306 446 373 476 aut
410 437 547 475 morbo
588 435 716 476 debile
748 444 828 475 erat
858 437 897 475 in
925 437 1097 476 exercitu
1128 437 1335 485 trajee‘tum

53 499 116 538 est.
144 499 203 538 Ibi
225 501 402 544 demum,
420 496 574 537 remiffis
590 509 750 536 arcuum
775 498 924 545 nervis,
939 499 1166 547 quieverunt
1188 496 1335 545 Parthi,

53 559 292 599 acclamante
313 560 481 611 quodam
500 571 546 597 ex
565 558 751 597 ducibus:
768 559 844 605 Ite,
859 558 893 595 6²
908 560 988 596 bene
1001 560 1115 597 valete
1129 589 1140 606 ‚
1161 559 1310 598 Romani
1322 572 1342 605 ,·

53 615 171 663 merito
202 624 361 661 virtutem
392 623 533 674 vestram
559 622 597 658 in
629 619 746 659 coelum
774 619 1009 672 effert-firma,
1036 620 1097 672 qui
1129 620 1340 657 Parthorum

53 685 123 723 tela
146 684 334 725 incolumes
355 683 577 736 sustinuistis.

101 745 261 784 XXIV.
287 743 362 784 Sed
388 742 466 790 illi,
483 741 668 793 promiffis
691 741 857 780 hostium
872 740 1032 780 minime
1049 740 1238 787 fidentes,
1258 739 1341 778 otio

55 806 154 855 laeti‚
178 805 463 845 transmiserunt
496 804 683 850 univerfi,
705 803 919 853 curatisque
949 803 1029 850 jam
1053 814 1101 841 ex
1128 801 1341 840 commodo

57 868 304 919 corporibus,
323 868 514 918 reliquum
538 868 587 912 ad
609 869 769 907 Araxem
791 866 861 905 iter
889 865 950 904 die
971 864 1074 904 sexto
1098 870 1341 915 peregerunt.

55 930 110 970 Eo
136 930 225 970 loco
253 930 485 980 postremum
510 931 746 979 timuerunt,
770 929 893 980 sparso
912 941 1086 973 rumore,
1105 928 1260 966 Parthos
1283 927 1344 963 izz-

44 993 173 1045 fidiari
195 994 400 1046 vorticosum
429 992 464 1030 6³
485 992 697 1045 proficndum
730 1006 863 1030 amnem
890 991 1093 1043 tranfituris.
1122 988 1197 1028 Sed
1223 999 1343 1026 vanus

53 1053 121 1092 ille
146 1055 262 1093 timor
289 1054 388 1093 fuit:
417 1052 705 1104 transgressique
743 1052 819 1090 sine
852 1064 976 1099 noxa,
1005 1063 1094 1089 cum
1122 1048 1279 1088 tandem
1302 1048 1344 1086 in

57 1117 252 1169 pacatiora
291 1116 431 1156 veniffe
470 1115 762 1165 intelligerent,
799 1127 874 1165 prce
913 1113 1054 1164 gaudio
1098 1111 1346 1162 procidentes

57 1178 327 1218 osculabantur
349 1178 517 1217 amicum
549 1179 735 1217 Armeniae
763 1177 910 1224 solum,
941 1178 1037 1219 &in
1063 1183 1218 1214 mutuos
1240 1185 1348 1211 com·

57 1240 194 1290 plexus
225 1239 388 1279 ruebant
420 1251 508 1278 cum
541 1239 732 1286 lacrimis,
755 1247 941 1289 tanquam
976 1237 1096 1288 erepti
1121 1249 1169 1275 ex
1204 1235 1348 1274 infero·-

57 1315 143 1341 rum
170 1301 374 1349 faucibus,
396 1301 562 1350 vitaeque
592 1300 744 1339 redditi.
782 1301 883 1340 Nam
913 1299 1086 1350 profecto
1113 1297 1346 1337 miserrimus

60 1364 126 1404 hic
167 1366 202 1404 84
230 1362 523 1415 patientifflmus
562 1363 756 1402 exercitus
796 1361 913 1413 longo
948 1370 1124 1411 tempore
1159 1371 1348 1398 aerumnas

57 1427 302 1468 incredibiles
336 1426 572 1478 pertulerat3
604 1439 671 1476 per
705 1427 855 1476 ignotas
898 1426 1095 1475 regiones,
1126 1426 1162 1463 Sc
1196 1422 1346 1462 hostilia

59 1492 213 1539 omnia,
235 1490 370 1541 viginti
404 1492 439 1530 Sc
467 1503 544 1528 uno
579 1489 715 1529 diebus
740 1495 910 1528 trecenta
940 1487 1092 1526 circiter
1118 1485 1239 1525 millia
1264 1483 1347 1536 pas-

59 1551 169 1591 suum
197 1551 383 1601 fugiendo
408 1549 596 1589 emensus.

113 1613 239 1653 XXV.
271 1612 376 1651 Inter
399 1611 481 1650 haec
509 1610 630 1648 fames
654 1610 769 1648 etiam
797 1607 1049 1654 incubuerat,
1077 1606 1219 1646 crebris
1244 1618 1348 1656 proe-

59 1672 118 1712 liis
158 1671 458 1723 impedientibus
499 1671 841 1710 frumentationem
864 1700 875 1717 ‚
911 1671 946 1708 Sc
981 1669 1113 1718 inopia
1149 1671 1347 1717 jumento-

59 1749 144 1775 rum
163 1767 176 1783 ,
215 1748 378 1786 quorum
410 1734 594 1785 pleraque
632 1733 743 1772 variis
779 1732 903 1771 modis
931 1731 1175 1778 interierant,
1202 1729 1349 1779 reliqua

59 1798 277 1837 sauciorum
316 1796 541 1847 corporibus
581 1796 617 1834 δε
659 1794 812 1833 sarcinis
845 1793 1114 1832 onerabantur.
1155 1792 1348 1842 Reperio,

60 1859 241 1898 chaenicem
273 1859 445 1912 frumenti
479 1857 607 1909 veniſje
637 1857 790 1896 denariis
817 1856 1101 1908 quinquaginta:
1126 1868 1237 1907 panes
1267 1854 1346 1890 llor-

59 1922 204 1959 deaceos
223 1921 305 1972 pari
326 1922 477 1972 pondere
513 1919 650 1971 argenti
672 1917 781 1970 fuist}
810 1929 1034 1971 permutatos.
1069 1916 1114 1956 Et
1139 1927 1205 1965 per
1226 1914 1264 1953 se
1289 1912 1348 1952 sa·

56 1982 104 2020 tis
142 1982 284 2033 grande
314 1981 459 2021 malum
493 1982 614 2020 fames
644 1988 749 2029 erat,
786 1981 822 2019 Sc
859 1979 1022 2019 aliorum
1051 1977 1175 2019 causa.
1199 1976 1345 2028 quippe

59 2043 261 2096 plerosque
293 2045 342 2084 ad
364 2044 554 2083 nefandos
592 2043 700 2083 cibos
724 2043 904 2093 adigente
932 2040 1174 2087 necestitate,
1199 2039 1346 2078 radices

61 2105 265 2158 herbaeque
295 2107 556 2156 vellebantur,
587 2105 696 2145 nullo
730 2104 937 2144 salubrium
968 2105 1251 2154 noxiorumque
1276 2100 1348 2140 dis-

67 2168 234 2209 crimine.
277 2171 352 2210 Sed
379 2169 576 2209 eminebat
596 2182 672 2208 una
694 2168 825 2219 pestis,
854 2181 937 2219 quae
956 2167 995 2206 in
1021 2165 1108 2205 cibo
1134 2165 1256 2204 sumta
1279 2164 1350 2201 mi-

64 2240 149 2267 rum
181 2228 334 2286 insaniae
362 2243 504 2280 genus,
529 2232 565 2270 δε
588 2242 638 2269 ex
670 2243 716 2269 eo
743 2237 907 2268 mortem
934 2227 1134 2267 inferebat.
1163 2226 1259 2266 Inde
1279 2221 1346 2274 qui

63 2289 291 2339 gustassent,
317 2293 491 2332 omnium
529 2293 690 2332 aliorum
716 2293 962 2331 immemores
979 2322 990 2340 ‚
1019 2290 1213 2330 vertendis
1243 2287 1347 2336 lapi-

65 2348 178 2389 dibus
213 2359 398 2401 tanquam
432 2364 471 2390 re
514 2353 682 2392 maxime
719 2352 813 2392 seria
848 2352 1166 2403 occupabantur3
1213 2349 1342 2388 donee

118 2467 140 2517 fs*
172 2467 295 2499 wrm.
325 2468 413 2503 plut.
448 2469 592 2514 Appinn.
621 2470 708 2504 Flor.
748 2469 769 2515 §
802 2470 929 2503 XXIV.
967 2469 1056 2502 Plut.
1090 2467 1235 2512 Appiam.
1268 2466 1346 2501 Liv.

63 2510 156 2554 Epa.
179 2513 280 2547 Oros.
301 2513 341 2554 6,
363 2513 413 2548 18.
