1617 2963
199 161 277 208 IN
323 160 494 207 LOC.
532 157 668 207 LrB.
709 161 951 209 CXXVIII
1000 160 1146 213 L1v4
1272 184 1327 232 13

27 264 125 316 'Jam
162 268 352 307 dimiserat
389 267 614 306 Ventidium
650 269 858 316 Antonius,
886 277 1069 320 tanquam
1113 271 1161 310 ad
1196 274 1332 313 trium=

36 330 189 380 phum,
213 343 328 380 quem
359 328 574 377 meruisset,
607 339 775 368 ceterum
801 330 977 370 felicitati
1008 335 1090 382 ejus
1122 333 1225 374 haud
1257 336 1329 375 ob«-

36 392 144 431 scure
175 393 386 432 invidebat.
411 403 535 441 neque
569 391 813 440 postmodum
846 406 961 442 opera
990 402 1068 434 tam
1100 396 1189 435 boni
1217 398 1330 439 ducis

37 454 126 494 usus
175 455 251 503 est,
293 465 526 505 quamquam
569 451 619 491 ob
660 453 741 501 ejus
786 453 887 502 gesta
925 455 1220 505 supplicationes
1261 459 1332 501 fibi

35 517 351 567 triumphumque
383 516 513 555 Romae
543 515 741 553 decretum
777 525 948 554 noverat.

94 579 222 620 XXV.
253 580 327 619 Sed
363 577 495 616 eadem
530 576 597 627 ipfi
628 589 781 627 quoque
808 577 961 616 decreta
992 578 1171 620 Ventidio
1205 591 1326 627 erant,

36 639 464 692 pensalle.,Craffianam
491 638 667 687 cladem,
692 639 834 678 Pacoro
858 640 1328 687 interfecimvidebatur:

35 703 276 752 addebatque
306 709 550 739 momentum
574 700 730 751 aliquod
761 701 1031 750 admirationi,
1054 705 1157 752 quod
1187 707 1329 748 eodem

36 763 100 802 die
124 775 182 802 res
207 772 366 812 utraque
388 762 487 812 gesta
515 761 725 801 dicebatur.
748 761 868 812 Igitur
892 764 1033 812 primus
1059 762 1124 801 hic
1148 768 1326 807 omniun}

33 823 111 862 hoc
135 824 182 862 de
217 822 361 862 Parthis
393 824 520 861 decus
548 822 700 869 retulit,
728 824 763 862 δε
795 821 861 861 luo
896 824 1055 873 quidem
1087 837 1167 863 aevo
1199 825 1325 877 solus,

32 885 219 925 exstincto
250 887 354 936 prius
385 885 575 932 Antonio,
608 897 722 935 quam
755 885 952 923 decretum
990 885 1057 927 fibi
1084 886 1324 937 triumphum

31 947 199 987 duceret.
225 947 280 987 lta
299 948 338 987 P.
358 948 563 987 Ventidius
586 947 623 987 P.
647 947 687 988 F.
708 947 936 997 proconsule
963 960 1011 986 ex
1039 949 1164 987 Tauro
1188 961 1322 990 monte.

34 1011 71 1049 δε
104 1008 247 1049 Parthis
282 1009 534 1059 triumphavit
572 1023 605 1049 a.
642 1009 680 1048 d.
706 1010 739 1049 V
772 1009 857 1049 Kal.
892 1009 1151 1059 Decembres,
1184 1026 1326 1063 magna

25 1071 280 1110 admiratione
318 1072 513 1121 pristinam
557 1071 727 1110 hominis
771 1071 966 1110 fortunam
1007 1084 1094 1111 cum
1137 1073 1324 1123 praesente

31 1132 341 1183 comparantium
365 1147 375 1181 3
402 1134 507 1183 quod
543 1134 632 1184 qui,
662 1133 755 1171 slCut
792 1132 995 1172 Massurius
1031 1134 1213 1181 tradidit,
1246 1137 1323 1175 ite-

27 1207 112 1234 rum
129 1227 140 1245 ,
168 1194 287 1234 semel
315 1204 418 1235 certe
439 1196 639 1247 triumpho
673 1195 845 1245 Pompeji
873 1195 1068 1235 Strabonis
1094 1197 1325 1248 ducimipse

25 1255 176 1306 fuerat,
212 1270 315 1296 nunc
350 1258 398 1297 de
432 1257 662 1296 ferocissima
693 1266 807 1308 gente
851 1257 1151 1308 splendidiffime
1186 1261 1330 1300 trium*

21 1319 171 1370 pharet.
196 1320 351 1369 Eidem,
373 1332 463 1376 cum
487 1320 615 1371 postea
635 1321 714 1359 fato
732 1321 988 1367 concederet,
1016 1321 1046 1360 is
1074 1334 1226 1372 quoque
1248 1323 1319 1361 hoa

22 1396 96 1422 nor
118 1384 169 1423 est
196 1383 368 1432 habitus,
392 1392 434 1422 ut
462 1383 619 1434 publico
645 1384 778 1421 funere
805 1382 1033 1433 sepeliretur.
1061 1384 1241 1424 Ceterum
1260 1388 1318 1426 uti

3 1442 200 1484 ‘laetitiam
229 1445 416 1484 summam
453 1445 600 1495 populo
635 1445 811 1484 Romano
846 1444 976 1483 Pacori
1004 1444 1110 1495 finis,
1139 1447 1192 1485 ita
1221 1449 1318 1497 patri

23 1507 148 1546 Orodi
181 1507 325 1547 luctum
357 1507 627 1547 incredibilem
656 1507 845 1546 attulerat.

95 1571 242 1612 XXVI.
285 1570 461 1620 Denique
496 1571 639 1610 amenti
668 1570 819 1619 similis,
847 1570 922 1609 sine
952 1570 1063 1619 cibo,
1091 1570 1166 1610 sine
1192 1585 1317 1621 voce,
1350 1601 1353 1621 ,

22 1644 66 1674 ut
94 1633 243 1685 prorsus
284 1634 517 1673 obmutuille
550 1635 767 1682 videretur,
799 1635 1019 1686 complures
1055 1636 1136 1675 dies
1171 1639 1318 1688 exegit,

22 1698 152 1737 Postea
173 1697 238 1737 ubi
263 1697 370 1748 loqui
392 1697 513 1737 rursus
532 1698 698 1749 incepit,
722 1697 817 1737 nihil
835 1698 963 1747 aliud,
983 1711 1096 1749 quam
1120 1700 1318 1751 Pacorum„

18 1760 62 1799 in
94 1773 161 1799 ore
196 1760 349 1808 habuit,
390 1760 490 1809 quasi
525 1772 613 1798 cum
650 1759 832 1811 praesente
870 1760 1062 1799 sermones
1098 1761 1317 1804 conferens,

19 1822 124 1862 hunc
149 1824 254 1863 enim
281 1822 447 1861 filiorum
470 1822 643 1861 omnium
676 1822 780 1861 haud
816 1821 933 1860 dubie
965 1821 1312 1872 praestantislimum

16 1887 95 1934 jam
126 1885 372 1926 successorem
408 1885 516 1925 suum
554 1885 823 1925 declaraverat.
854 1885 988 1935 Itaque
1019 1884 1121 1924 luem
1151 1886 1311 1926 tandem

16 1950 263 1997 remittente,
294 1962 394 1988 nova
419 1949 590 1987 exercuit
624 1946 822 1986 hominem
855 1946 1097 1995 sollicitudo,
1130 1960 1244 1998 quem
1263 1960 1313 1988 ex

15 2010 168 2060 triginta
190 2010 278 2049 filiis
303 2010 447 2051 faceret
482 2010 609 2049 Pacori
644 2008 732 2049 loco
766 2022 919 2061 regem:
955 2022 1043 2049 cum
1073 2009 1200 2049 senilis
1228 2012 1311 2049 ani-

19 2083 104 2110 mus
137 2084 158 2110 a
185 2080 242 2111 tot
272 2071 499 2122 pellicibus,
523 2085 591 2122 pro
614 2071 694 2114 suo,
712 2085 863 2122 quaque
887 2071 966 2110 filio
991 2072 1157 2118 nitente,
1186 2061 1309 2110 diuer-

16 2131 72 2171 sas
96 2134 135 2172 in
161 2136 413 2185 cogitationes
446 2134 723 2175 distraheretur.
758 2135 949 2175 Postremo
978 2134 1178 2174 Phraatem
1209 2146 1304 2183 prae-

17 2192 127 2243 tulit,
155 2194 220 2234 suo
246 2196 438 2247 totiusque
470 2197 608 2236 domus
633 2196 747 2236 malo.
773 2197 871 2240 Mox
895 2196 1000 2235 enim
1028 2194 1305 2235 scelestiffimus

62 2323 84 2367 §
108 2324 232 2356 XXIV.
255 2323 342 2357 Plut.
361 2324 498 2369 loseph.
514 2326 623 2370 antiq.
641 2326 718 2359 Jud.
744 2339 782 2367 ¹4
797 2353 804 2367 ,
828 2337 870 2367 27
884 2353 892 2366 ‚
914 2326 947 2359 &
966 2327 1006 2359 de
1035 2327 1071 2359 B.
1099 2325 1174 2358 Jud.
1202 2336 1234 2365 i,
1252 2331 1310 2359 120‘

21 2368 168 2411 Appian.
195 2368 297 2401 Oros.
321 2371 363 2411 6,
389 2371 437 2404 18.
464 2370 543 2402 Dio.
569 2373 588 2412 ᾗ
618 2371 729 2404 XXV.
754 2372 899 2417 Appian.
927 2372 1015 2403 Flor.
1044 2373 1187 2412 Eutrop.
1215 2369 1307 2402 Plut.

17 2412 180 2446 Marmor.
210 2413 359 2454 Capitol.
388 2416 472 2451 Plin.
500 2423 520 2454 7
534 2440 542 2456 ,
558 2424 590 2459 3.
619 2415 728 2460 Agell.
754 2428 786 2461 ¹5
805 2441 815 2458 ,
836 2428 868 2459 4,
885 2416 965 2453 vai„
980 2415 1080 2452 Max.
1104 2414 1143 2456 6,
1164 2424 1197 2458 9.
1216 2414 1302 2451 Sue?

17 2465 89 2507 ton.
120 2469 173 2503 ap.
192 2458 305 2503 Ageuq
