<?xml version="1.0" encoding="UTF-8"?>
<!DOCTYPE html PUBLIC "-//W3C//DTD XHTML 1.0 Transitional//EN"
    "http://www.w3.org/TR/xhtml1/DTD/xhtml1-transitional.dtd">
<html xmlns="http://www.w3.org/1999/xhtml" xml:lang="en" lang="en">
 <head>
  <title>
</title>
<meta http-equiv="Content-Type" content="text/html;charset=utf-8" />
  <meta name='ocr-system' content='tesseract 3.04.00' />
  <meta name='ocr-capabilities' content='ocr_page ocr_carea ocr_par ocr_line ocrx_word'/>
</head>
<body>
  <div class='ocr_page' id='page_1' title='image "./historiarumlibri12livyuoft_0132.png"; bbox 0 0 1617 2963; ppageno 0'>
   <div class='ocr_carea' id='block_1_1' title="bbox 257 178 1473 243">
    <p class='ocr_par' dir='ltr' id='par_1_1' title="bbox 257 178 1473 243">
     <span class='ocr_line' id='line_1_1' title="bbox 257 178 1473 243; baseline 0.001 -15"><span class='ocrx_word' id='word_1_1' title='bbox 257 178 1473 243; x_wconf 66' lang='lat' dir='ltr'>‘124JO.FRE1NSHEM118UPPLEM.=</span> 
     </span>
    </p>
   </div>
   <div class='ocr_carea' id='block_1_2' title="bbox 198 284 1534 2394">
    <p class='ocr_par' dir='ltr' id='par_1_2' title="bbox 198 284 1534 951">
     <span class='ocr_line' id='line_1_2' title="bbox 259 284 1534 338; baseline -0.002 -11"><span class='ocrx_word' id='word_1_2' title='bbox 259 298 463 338; x_wconf 79' lang='lat' dir='ltr'><strong>arcemque</strong></span> <span class='ocrx_word' id='word_1_3' title='bbox 485 284 611 325; x_wconf 88' lang='lat' dir='ltr'>salutis</span> <span class='ocrx_word' id='word_1_4' title='bbox 637 284 849 325; x_wconf 80' lang='lat' dir='ltr'><strong>collocasse.</strong></span> <span class='ocrx_word' id='word_1_5' title='bbox 881 284 1025 325; x_wconf 87' lang='lat' dir='ltr'>Milites</span> <span class='ocrx_word' id='word_1_6' title='bbox 1048 293 1149 326; x_wconf 91' lang='lat' dir='ltr'>certe</span> <span class='ocrx_word' id='word_1_7' title='bbox 1176 286 1381 336; x_wconf 74' lang='lat' dir='ltr'>desiderio,</span> <span class='ocrx_word' id='word_1_8' title='bbox 1408 290 1445 328; x_wconf 71' lang='grc' dir='ltr'>δε</span> <span class='ocrx_word' id='word_1_9' title='bbox 1465 300 1534 329; x_wconf 70' lang='lat' dir='ltr'>ex..</span> 
     </span>
     <span class='ocr_line' id='line_1_3' title="bbox 255 346 1533 399; baseline -0.001 -10"><span class='ocrx_word' id='word_1_10' title='bbox 255 348 489 399; x_wconf 61' lang='lat' dir='ltr'>spectatione</span> <span class='ocrx_word' id='word_1_11' title='bbox 519 349 601 396; x_wconf 89' lang='lat' dir='ltr'>ejus</span> <span class='ocrx_word' id='word_1_12' title='bbox 632 346 771 396; x_wconf 85' lang='lat' dir='ltr'>etiam,</span> <span class='ocrx_word' id='word_1_13' title='bbox 805 347 1003 397; x_wconf 89' lang='lat' dir='ltr'>postquam</span> <span class='ocrx_word' id='word_1_14' title='bbox 1039 346 1156 386; x_wconf 86' lang='lat' dir='ltr'>abiffe</span> <span class='ocrx_word' id='word_1_15' title='bbox 1187 360 1275 386; x_wconf 88' lang='lat' dir='ltr'>eum</span> <span class='ocrx_word' id='word_1_16' title='bbox 1311 352 1533 399; x_wconf 83' lang='lat' dir='ltr'>pernotuit,</span> 
     </span>
     <span class='ocr_line' id='line_1_4' title="bbox 255 408 1528 464; baseline 0 -13"><span class='ocrx_word' id='word_1_17' title='bbox 255 425 325 464; x_wconf 89' lang='lat' dir='ltr'>per</span> <span class='ocrx_word' id='word_1_18' title='bbox 344 412 487 462; x_wconf 85' lang='lat' dir='ltr'>septem</span> <span class='ocrx_word' id='word_1_19' title='bbox 507 411 587 449; x_wconf 85' lang='lat' dir='ltr'>dies</span> <span class='ocrx_word' id='word_1_20' title='bbox 614 410 857 449; x_wconf 85' lang='lat' dir='ltr'>conditiones</span> <span class='ocrx_word' id='word_1_21' title='bbox 885 423 907 449; x_wconf 83' lang='lat' dir='ltr'>a</span> <span class='ocrx_word' id='word_1_22' title='bbox 933 409 1075 449; x_wconf 86' lang='lat' dir='ltr'>Caesare</span> <span class='ocrx_word' id='word_1_23' title='bbox 1106 408 1253 450; x_wconf 84' lang='lat' dir='ltr'>oblatas</span> <span class='ocrx_word' id='word_1_24' title='bbox 1288 409 1528 451; x_wconf 80' lang='lat' dir='ltr'>recusarunt:</span> 
     </span>
     <span class='ocr_line' id='line_1_5' title="bbox 198 469 1532 522; baseline -0.003 -10"><span class='ocrx_word' id='word_1_25' title='bbox 198 497 209 499; x_wconf 38' lang='lat'><strong>⁴</strong></span> <span class='ocrx_word' id='word_1_26' title='bbox 257 474 383 512; x_wconf 88' lang='lat' dir='ltr'>donec</span> <span class='ocrx_word' id='word_1_27' title='bbox 402 484 471 522; x_wconf 89' lang='lat' dir='ltr'>pro</span> <span class='ocrx_word' id='word_1_28' title='bbox 503 470 696 518; x_wconf 86' lang='lat' dir='ltr'>Antonio,</span> <span class='ocrx_word' id='word_1_29' title='bbox 723 482 818 520; x_wconf 91' lang='lat' dir='ltr'>quos</span> <span class='ocrx_word' id='word_1_30' title='bbox 842 470 1012 508; x_wconf 82' lang='lat' dir='ltr'>diximus</span> <span class='ocrx_word' id='word_1_31' title='bbox 1041 469 1090 509; x_wconf 87' lang='lat' dir='ltr'>ad</span> <span class='ocrx_word' id='word_1_32' title='bbox 1114 482 1202 509; x_wconf 92' lang='lat' dir='ltr'>eum</span> <span class='ocrx_word' id='word_1_33' title='bbox 1229 469 1382 517; x_wconf 81' lang='lat' dir='ltr'>miffos,</span> <span class='ocrx_word' id='word_1_34' title='bbox 1413 470 1532 509; x_wconf 83' lang='lat' dir='ltr'>affue-</span> 
     </span>
     <span class='ocr_line' id='line_1_6' title="bbox 255 530 1530 581; baseline -0.002 -9"><span class='ocrx_word' id='word_1_35' title='bbox 255 542 364 579; x_wconf 85' lang='lat' dir='ltr'>runt,</span> <span class='ocrx_word' id='word_1_36' title='bbox 395 532 575 572; x_wconf 84' lang='lat' dir='ltr'>maturari</span> <span class='ocrx_word' id='word_1_37' title='bbox 604 531 734 581; x_wconf 85' lang='lat' dir='ltr'>fugam</span> <span class='ocrx_word' id='word_1_38' title='bbox 758 531 1033 580; x_wconf 85' lang='lat' dir='ltr'>praecipientes.</span> <span class='ocrx_word' id='word_1_39' title='bbox 1064 531 1166 570; x_wconf 89' lang='lat' dir='ltr'>Tum</span> <span class='ocrx_word' id='word_1_40' title='bbox 1190 530 1347 580; x_wconf 89' lang='lat' dir='ltr'>quidem</span> <span class='ocrx_word' id='word_1_41' title='bbox 1373 531 1530 570; x_wconf 85' lang='lat' dir='ltr'>moestus</span> 
     </span>
     <span class='ocr_line' id='line_1_7' title="bbox 258 590 1530 642; baseline -0.002 -8"><span class='ocrx_word' id='word_1_42' title='bbox 258 596 294 634; x_wconf 70' lang='grc' dir='ltr'>ἃ</span> <span class='ocrx_word' id='word_1_43' title='bbox 320 593 508 633; x_wconf 86' lang='lat' dir='ltr'>subiratus</span> <span class='ocrx_word' id='word_1_44' title='bbox 543 593 761 642; x_wconf 86' lang='lat' dir='ltr'>imperatori</span> <span class='ocrx_word' id='word_1_45' title='bbox 790 591 897 630; x_wconf 83' lang='lat' dir='ltr'>miles</span> <span class='ocrx_word' id='word_1_46' title='bbox 925 590 1147 630; x_wconf 85' lang='lat' dir='ltr'>efferentem</span> <span class='ocrx_word' id='word_1_47' title='bbox 1182 590 1283 641; x_wconf 76' lang='lat' dir='ltr'>signa</span> <span class='ocrx_word' id='word_1_48' title='bbox 1323 590 1530 631; x_wconf 82' lang='lat' dir='ltr'>Canidium</span> 
     </span>
     <span class='ocr_line' id='line_1_8' title="bbox 253 652 1532 707; baseline -0.002 -12"><span class='ocrx_word' id='word_1_49' title='bbox 253 655 525 707; x_wconf 78' lang='lat' dir='ltr'>aliquantisper</span> <span class='ocrx_word' id='word_1_50' title='bbox 548 655 698 694; x_wconf 88' lang='lat' dir='ltr'>secutus</span> <span class='ocrx_word' id='word_1_51' title='bbox 715 652 730 703; x_wconf 76' lang='lat'>;&#39;</span> <span class='ocrx_word' id='word_1_52' title='bbox 758 653 823 693; x_wconf 89' lang='lat' dir='ltr'>ubi</span> <span class='ocrx_word' id='word_1_53' title='bbox 855 654 969 692; x_wconf 87' lang='lat' dir='ltr'>castra</span> <span class='ocrx_word' id='word_1_54' title='bbox 993 653 1080 702; x_wconf 88' lang='lat' dir='ltr'>sua,</span> <span class='ocrx_word' id='word_1_55' title='bbox 1107 653 1146 691; x_wconf 91' lang='lat' dir='ltr'>in</span> <span class='ocrx_word' id='word_1_56' title='bbox 1173 653 1309 703; x_wconf 90' lang='lat' dir='ltr'>quibus</span> <span class='ocrx_word' id='word_1_57' title='bbox 1335 655 1446 704; x_wconf 87' lang='lat' dir='ltr'>pauci</span> <span class='ocrx_word' id='word_1_58' title='bbox 1477 666 1532 693; x_wconf 89' lang='lat' dir='ltr'>rc-</span> 
     </span>
     <span class='ocr_line' id='line_1_9' title="bbox 253 713 1531 766; baseline -0.001 -10"><span class='ocrx_word' id='word_1_59' title='bbox 253 718 486 766; x_wconf 81' lang='lat' dir='ltr'>manserant,</span> <span class='ocrx_word' id='word_1_60' title='bbox 514 717 554 755; x_wconf 89' lang='lat' dir='ltr'>in</span> <span class='ocrx_word' id='word_1_61' title='bbox 582 716 769 766; x_wconf 79' lang='lat' dir='ltr'>potestate</span> <span class='ocrx_word' id='word_1_62' title='bbox 801 714 951 754; x_wconf 86' lang='lat' dir='ltr'>Caesaris</span> <span class='ocrx_word' id='word_1_63' title='bbox 987 715 1062 755; x_wconf 81' lang='lat' dir='ltr'>effe</span> <span class='ocrx_word' id='word_1_64' title='bbox 1093 714 1247 763; x_wconf 86' lang='lat' dir='ltr'>didicit,</span> <span class='ocrx_word' id='word_1_65' title='bbox 1278 717 1314 755; x_wconf 69' lang='grc' dir='ltr'>δι</span> <span class='ocrx_word' id='word_1_66' title='bbox 1347 713 1531 756; x_wconf 80' lang='lat' dir='ltr'>Canidius</span> 
     </span>
     <span class='ocr_line' id='line_1_10' title="bbox 252 776 1530 828; baseline 0 -10"><span class='ocrx_word' id='word_1_67' title='bbox 252 778 339 818; x_wconf 88' lang='lat' dir='ltr'>suos</span> <span class='ocrx_word' id='word_1_68' title='bbox 372 779 471 818; x_wconf 86' lang='lat' dir='ltr'>baud</span> <span class='ocrx_word' id='word_1_69' title='bbox 500 779 650 826; x_wconf 82' lang='lat' dir='ltr'>minus,</span> <span class='ocrx_word' id='word_1_70' title='bbox 672 791 786 828; x_wconf 83' lang='lat' dir='ltr'>quam</span> <span class='ocrx_word' id='word_1_71' title='bbox 810 776 982 825; x_wconf 87' lang='lat' dir='ltr'>hostem,</span> <span class='ocrx_word' id='word_1_72' title='bbox 1009 785 1206 826; x_wconf 86' lang='lat' dir='ltr'>metuens,</span> <span class='ocrx_word' id='word_1_73' title='bbox 1232 780 1415 818; x_wconf 66' lang='lat' dir='ltr'>noc⁶turna</span> <span class='ocrx_word' id='word_1_74' title='bbox 1438 778 1530 828; x_wconf 85' lang='lat' dir='ltr'>fuga</span> 
     </span>
     <span class='ocr_line' id='line_1_11' title="bbox 254 839 1531 892; baseline -0.001 -11"><span class='ocrx_word' id='word_1_75' title='bbox 254 841 293 881; x_wconf 90' lang='lat' dir='ltr'>se</span> <span class='ocrx_word' id='word_1_76' title='bbox 317 841 524 892; x_wconf 87' lang='lat' dir='ltr'>proripuit:</span> <span class='ocrx_word' id='word_1_77' title='bbox 554 841 666 890; x_wconf 83' lang='lat' dir='ltr'>inops</span> <span class='ocrx_word' id='word_1_78' title='bbox 688 840 884 886; x_wconf 87' lang='lat' dir='ltr'>omnium,</span> <span class='ocrx_word' id='word_1_79' title='bbox 909 839 985 879; x_wconf 85' lang='lat' dir='ltr'>sine</span> <span class='ocrx_word' id='word_1_80' title='bbox 1006 839 1190 891; x_wconf 85' lang='lat' dir='ltr'>imperio,</span> <span class='ocrx_word' id='word_1_81' title='bbox 1212 840 1289 879; x_wconf 82' lang='lat' dir='ltr'>fine</span> <span class='ocrx_word' id='word_1_82' title='bbox 1312 848 1531 880; x_wconf 85' lang='lat' dir='ltr'>commeatu</span> 
     </span>
     <span class='ocr_line' id='line_1_12' title="bbox 253 899 976 951; baseline -0.004 -8"><span class='ocrx_word' id='word_1_83' title='bbox 253 903 387 943; x_wconf 73' lang='lat' dir='ltr'>victori</span> <span class='ocrx_word' id='word_1_84' title='bbox 415 902 452 941; x_wconf 91' lang='lat' dir='ltr'>se</span> <span class='ocrx_word' id='word_1_85' title='bbox 471 902 565 941; x_wconf 82' lang='lat' dir='ltr'>citra</span> <span class='ocrx_word' id='word_1_86' title='bbox 590 899 767 951; x_wconf 85' lang='lat' dir='ltr'>proelium</span> <span class='ocrx_word' id='word_1_87' title='bbox 796 900 976 950; x_wconf 82' lang='lat' dir='ltr'>permisit.</span> 
     </span>
    </p>

    <p class='ocr_par' dir='ltr' id='par_1_3' title="bbox 247 970 1531 2009">
     <span class='ocr_line' id='line_1_13' title="bbox 305 970 1530 1021; baseline 0.001 -9"><span class='ocrx_word' id='word_1_88' title='bbox 305 972 394 1013; x_wconf 88' lang='lat' dir='ltr'>XV.</span> <span class='ocrx_word' id='word_1_89' title='bbox 432 972 566 1021; x_wconf 88' lang='lat' dir='ltr'>Neque</span> <span class='ocrx_word' id='word_1_90' title='bbox 603 972 725 1018; x_wconf 79' lang='lat' dir='ltr'>major</span> <span class='ocrx_word' id='word_1_91' title='bbox 751 970 871 1009; x_wconf 85' lang='lat' dir='ltr'>moles</span> <span class='ocrx_word' id='word_1_92' title='bbox 903 971 943 1008; x_wconf 91' lang='lat' dir='ltr'>in</span> <span class='ocrx_word' id='word_1_93' title='bbox 980 970 1208 1020; x_wconf 88' lang='lat' dir='ltr'>recipiendis</span> <span class='ocrx_word' id='word_1_94' title='bbox 1243 971 1395 1011; x_wconf 85' lang='lat' dir='ltr'>Antonii</span> <span class='ocrx_word' id='word_1_95' title='bbox 1420 972 1530 1019; x_wconf 69' lang='lat' dir='ltr'>sociis</span> 
     </span>
     <span class='ocr_line' id='line_1_14' title="bbox 251 1031 1527 1083; baseline 0 -9"><span class='ocrx_word' id='word_1_96' title='bbox 251 1034 340 1074; x_wconf 82' lang='lat' dir='ltr'>fuit.</span> <span class='ocrx_word' id='word_1_97' title='bbox 374 1035 535 1073; x_wconf 89' lang='lat' dir='ltr'>domum</span> <span class='ocrx_word' id='word_1_98' title='bbox 564 1033 610 1072; x_wconf 90' lang='lat' dir='ltr'>ab</span> <span class='ocrx_word' id='word_1_99' title='bbox 642 1031 796 1071; x_wconf 86' lang='lat' dir='ltr'>infelice</span> <span class='ocrx_word' id='word_1_100' title='bbox 825 1031 963 1083; x_wconf 87' lang='lat' dir='ltr'>proelio</span> <span class='ocrx_word' id='word_1_101' title='bbox 992 1032 1167 1083; x_wconf 77' lang='lat' dir='ltr'>regressi,</span> <span class='ocrx_word' id='word_1_102' title='bbox 1200 1032 1296 1072; x_wconf 87' lang='lat' dir='ltr'>nihil</span> <span class='ocrx_word' id='word_1_103' title='bbox 1325 1042 1527 1074; x_wconf 85' lang='lat' dir='ltr'>moverunt</span> 
     </span>
     <span class='ocr_line' id='line_1_15' title="bbox 251 1094 1527 1147; baseline 0.002 -13"><span class='ocrx_word' id='word_1_104' title='bbox 251 1096 406 1147; x_wconf 80' lang='lat' dir='ltr'>postea,</span> <span class='ocrx_word' id='word_1_105' title='bbox 440 1095 504 1134; x_wconf 89' lang='lat' dir='ltr'>sed</span> <span class='ocrx_word' id='word_1_106' title='bbox 534 1095 573 1134; x_wconf 92' lang='lat' dir='ltr'>in</span> <span class='ocrx_word' id='word_1_107' title='bbox 603 1095 721 1133; x_wconf 87' lang='lat' dir='ltr'>fidem</span> <span class='ocrx_word' id='word_1_108' title='bbox 755 1095 1057 1145; x_wconf 85' lang='lat' dir='ltr'>potestatemque</span> <span class='ocrx_word' id='word_1_109' title='bbox 1081 1094 1231 1134; x_wconf 78' lang='lat' dir='ltr'>Caesaris</span> <span class='ocrx_word' id='word_1_110' title='bbox 1248 1125 1259 1142; x_wconf 88' lang='lat'>,</span> <span class='ocrx_word' id='word_1_111' title='bbox 1287 1095 1351 1135; x_wconf 84' lang='lat' dir='ltr'>alii</span> <span class='ocrx_word' id='word_1_112' title='bbox 1377 1097 1527 1146; x_wconf 82' lang='lat' dir='ltr'>statim,</span> 
     </span>
     <span class='ocr_line' id='line_1_16' title="bbox 253 1154 1528 1206; baseline 0.005 -12"><span class='ocrx_word' id='word_1_113' title='bbox 253 1157 413 1206; x_wconf 87' lang='lat' dir='ltr'>quidam</span> <span class='ocrx_word' id='word_1_114' title='bbox 443 1154 545 1194; x_wconf 84' lang='lat' dir='ltr'>haud</span> <span class='ocrx_word' id='word_1_115' title='bbox 580 1154 700 1194; x_wconf 88' lang='lat' dir='ltr'>multo</span> <span class='ocrx_word' id='word_1_116' title='bbox 728 1155 817 1194; x_wconf 86' lang='lat' dir='ltr'>inde</span> <span class='ocrx_word' id='word_1_117' title='bbox 853 1166 1026 1205; x_wconf 84' lang='lat' dir='ltr'>tempore</span> <span class='ocrx_word' id='word_1_118' title='bbox 1056 1156 1092 1195; x_wconf 87' lang='lat' dir='ltr'>se</span> <span class='ocrx_word' id='word_1_119' title='bbox 1123 1157 1363 1198; x_wconf 88' lang='lat' dir='ltr'>dediderunt.</span> <span class='ocrx_word' id='word_1_120' title='bbox 1408 1159 1528 1199; x_wconf 70' lang='lat' dir='ltr'>Caesar</span> 
     </span>
     <span class='ocr_line' id='line_1_17' title="bbox 253 1215 1529 1270; baseline 0.004 -15"><span class='ocrx_word' id='word_1_121' title='bbox 253 1217 412 1257; x_wconf 44' lang='lat' dir='ltr'>victoria</span> <span class='ocrx_word' id='word_1_122' title='bbox 447 1218 630 1267; x_wconf 71' lang='lat' dir='ltr'>perquam</span> <span class='ocrx_word' id='word_1_123' title='bbox 663 1215 873 1255; x_wconf 86' lang='lat' dir='ltr'>clementer</span> <span class='ocrx_word' id='word_1_124' title='bbox 910 1217 995 1270; x_wconf 86' lang='lat' dir='ltr'>usus</span> <span class='ocrx_word' id='word_1_125' title='bbox 1027 1218 1100 1266; x_wconf 87' lang='lat' dir='ltr'>est,</span> <span class='ocrx_word' id='word_1_126' title='bbox 1128 1218 1331 1267; x_wconf 82' lang='lat' dir='ltr'>ingenione</span> <span class='ocrx_word' id='word_1_127' title='bbox 1357 1219 1445 1268; x_wconf 91' lang='lat' dir='ltr'>suo,</span> <span class='ocrx_word' id='word_1_128' title='bbox 1478 1234 1529 1263; x_wconf 86' lang='lat' dir='ltr'>an</span> 
     </span>
     <span class='ocr_line' id='line_1_18' title="bbox 251 1275 1530 1331; baseline 0.005 -16"><span class='ocrx_word' id='word_1_129' title='bbox 251 1284 296 1315; x_wconf 90' lang='lat' dir='ltr'>ut</span> <span class='ocrx_word' id='word_1_130' title='bbox 317 1277 526 1316; x_wconf 86' lang='lat' dir='ltr'>Antonium</span> <span class='ocrx_word' id='word_1_131' title='bbox 554 1285 726 1315; x_wconf 86' lang='lat' dir='ltr'>oneraret</span> <span class='ocrx_word' id='word_1_132' title='bbox 758 1275 899 1315; x_wconf 80' lang='lat' dir='ltr'>invidia</span> <span class='ocrx_word' id='word_1_133' title='bbox 925 1290 1083 1325; x_wconf 86' lang='lat' dir='ltr'>eorum,</span> <span class='ocrx_word' id='word_1_134' title='bbox 1117 1292 1199 1329; x_wconf 87' lang='lat' dir='ltr'>quae</span> <span class='ocrx_word' id='word_1_135' title='bbox 1228 1280 1304 1319; x_wconf 91' lang='lat' dir='ltr'>duo</span> <span class='ocrx_word' id='word_1_136' title='bbox 1335 1282 1417 1331; x_wconf 88' lang='lat' dir='ltr'>post</span> <span class='ocrx_word' id='word_1_137' title='bbox 1439 1282 1530 1321; x_wconf 74' lang='lat' dir='ltr'>Mu-</span> 
     </span>
     <span class='ocr_line' id='line_1_19' title="bbox 250 1337 1531 1390; baseline 0.004 -12"><span class='ocrx_word' id='word_1_138' title='bbox 250 1338 437 1378; x_wconf 84' lang='lat' dir='ltr'>tinensem</span> <span class='ocrx_word' id='word_1_139' title='bbox 465 1348 581 1389; x_wconf 87' lang='lat' dir='ltr'>atque</span> <span class='ocrx_word' id='word_1_140' title='bbox 618 1337 872 1389; x_wconf 83' lang='lat' dir='ltr'>Philippicam</span> <span class='ocrx_word' id='word_1_141' title='bbox 903 1339 1101 1378; x_wconf 66' lang='lat' dir='ltr'>victoriam</span> <span class='ocrx_word' id='word_1_142' title='bbox 1138 1351 1397 1390; x_wconf 80' lang='lat' dir='ltr'>peccaverant.</span> <span class='ocrx_word' id='word_1_143' title='bbox 1431 1343 1531 1383; x_wconf 88' lang='lat' dir='ltr'>Civi-</span> 
     </span>
     <span class='ocr_line' id='line_1_20' title="bbox 248 1400 1530 1455; baseline 0.004 -15"><span class='ocrx_word' id='word_1_144' title='bbox 248 1400 391 1452; x_wconf 86' lang='lat' dir='ltr'>tatibus</span> <span class='ocrx_word' id='word_1_145' title='bbox 414 1408 544 1440; x_wconf 90' lang='lat' dir='ltr'>tamen</span> <span class='ocrx_word' id='word_1_146' title='bbox 569 1400 720 1440; x_wconf 82' lang='lat' dir='ltr'>Graeciae</span> <span class='ocrx_word' id='word_1_147' title='bbox 737 1431 748 1449; x_wconf 93' lang='lat'>,</span> <span class='ocrx_word' id='word_1_148' title='bbox 777 1400 866 1439; x_wconf 90' lang='lat' dir='ltr'>dein</span> <span class='ocrx_word' id='word_1_149' title='bbox 888 1401 977 1440; x_wconf 79' lang='lat' dir='ltr'>Asiae</span> <span class='ocrx_word' id='word_1_150' title='bbox 993 1432 1004 1450; x_wconf 92' lang='lat'>,</span> <span class='ocrx_word' id='word_1_151' title='bbox 1029 1404 1212 1452; x_wconf 81' lang='lat' dir='ltr'>pecunias</span> <span class='ocrx_word' id='word_1_152' title='bbox 1236 1412 1384 1444; x_wconf 82' lang='lat' dir='ltr'>tantum</span> <span class='ocrx_word' id='word_1_153' title='bbox 1408 1406 1530 1455; x_wconf 90' lang='lat' dir='ltr'>impe-</span> 
     </span>
     <span class='ocr_line' id='line_1_21' title="bbox 250 1462 1528 1512; baseline 0.004 -10"><span class='ocrx_word' id='word_1_154' title='bbox 250 1463 368 1511; x_wconf 84' lang='lat' dir='ltr'>ravit,</span> <span class='ocrx_word' id='word_1_155' title='bbox 407 1462 656 1512; x_wconf 89' lang='lat' dir='ltr'>gentiumque</span> <span class='ocrx_word' id='word_1_156' title='bbox 693 1462 859 1502; x_wconf 85' lang='lat' dir='ltr'>concilia</span> <span class='ocrx_word' id='word_1_157' title='bbox 895 1462 1051 1502; x_wconf 89' lang='lat' dir='ltr'>sustulit.</span> <span class='ocrx_word' id='word_1_158' title='bbox 1098 1464 1300 1504; x_wconf 82' lang='lat' dir='ltr'>Thuriatas</span> <span class='ocrx_word' id='word_1_159' title='bbox 1336 1466 1528 1507; x_wconf 81' lang='lat' dir='ltr'>Meffeniae</span> 
     </span>
     <span class='ocr_line' id='line_1_22' title="bbox 249 1523 1526 1574; baseline 0.005 -13"><span class='ocrx_word' id='word_1_160' title='bbox 249 1523 464 1574; x_wconf 88' lang='lat' dir='ltr'>populum,</span> <span class='ocrx_word' id='word_1_161' title='bbox 496 1523 819 1571; x_wconf 77' lang='lat' dir='ltr'>Lacedaemoniis,</span> <span class='ocrx_word' id='word_1_162' title='bbox 847 1536 1011 1573; x_wconf 88' lang='lat' dir='ltr'>quorum</span> <span class='ocrx_word' id='word_1_163' title='bbox 1045 1525 1135 1564; x_wconf 90' lang='lat' dir='ltr'>odio</span> <span class='ocrx_word' id='word_1_164' title='bbox 1171 1524 1287 1565; x_wconf 87' lang='lat' dir='ltr'>secuti</span> <span class='ocrx_word' id='word_1_165' title='bbox 1319 1528 1526 1567; x_wconf 87' lang='lat' dir='ltr'>Antonium</span> 
     </span>
     <span class='ocr_line' id='line_1_23' title="bbox 247 1586 1530 1641; baseline 0.003 -16"><span class='ocrx_word' id='word_1_166' title='bbox 247 1587 425 1634; x_wconf 87' lang='lat' dir='ltr'>fuerant,</span> <span class='ocrx_word' id='word_1_167' title='bbox 448 1586 624 1635; x_wconf 89' lang='lat' dir='ltr'>subjecit.</span> <span class='ocrx_word' id='word_1_168' title='bbox 656 1586 876 1626; x_wconf 84' lang='lat' dir='ltr'>Tetrarchis</span> <span class='ocrx_word' id='word_1_169' title='bbox 899 1594 1014 1637; x_wconf 87' lang='lat' dir='ltr'>atque</span> <span class='ocrx_word' id='word_1_170' title='bbox 1039 1587 1211 1638; x_wconf 83' lang='lat' dir='ltr'>regibus,</span> <span class='ocrx_word' id='word_1_171' title='bbox 1235 1596 1366 1638; x_wconf 86' lang='lat' dir='ltr'>praeter</span> <span class='ocrx_word' id='word_1_172' title='bbox 1383 1591 1530 1641; x_wconf 90' lang='lat' dir='ltr'>Amyn·</span> 
     </span>
     <span class='ocr_line' id='line_1_24' title="bbox 249 1646 1527 1698; baseline 0 -11"><span class='ocrx_word' id='word_1_173' title='bbox 249 1655 354 1695; x_wconf 86' lang='lat' dir='ltr'>tam,</span> <span class='ocrx_word' id='word_1_174' title='bbox 386 1649 422 1687; x_wconf 63' lang='lat' dir='ltr'>&lt;Pe</span> <span class='ocrx_word' id='word_1_175' title='bbox 453 1646 706 1695; x_wconf 84' lang='lat' dir='ltr'>Archelaum,</span> <span class='ocrx_word' id='word_1_176' title='bbox 734 1648 927 1698; x_wconf 89' lang='lat' dir='ltr'>quidquid</span> <span class='ocrx_word' id='word_1_177' title='bbox 951 1649 1183 1698; x_wconf 87' lang='lat' dir='ltr'>oppidorum</span> <span class='ocrx_word' id='word_1_178' title='bbox 1207 1649 1252 1689; x_wconf 82' lang='lat' dir='ltr'>ab</span> <span class='ocrx_word' id='word_1_179' title='bbox 1279 1651 1443 1690; x_wconf 87' lang='lat' dir='ltr'>Antonio</span> <span class='ocrx_word' id='word_1_180' title='bbox 1465 1663 1527 1690; x_wconf 86' lang='lat' dir='ltr'>ac-</span> 
     </span>
     <span class='ocr_line' id='line_1_25' title="bbox 249 1711 1529 1761; baseline 0.003 -10"><span class='ocrx_word' id='word_1_181' title='bbox 249 1721 455 1761; x_wconf 77' lang='lat' dir='ltr'>ceperant,</span> <span class='ocrx_word' id='word_1_182' title='bbox 480 1712 637 1751; x_wconf 85' lang='lat' dir='ltr'>ademit.</span> <span class='ocrx_word' id='word_1_183' title='bbox 681 1711 926 1761; x_wconf 76' lang='lat' dir='ltr'>Philopatora</span> <span class='ocrx_word' id='word_1_184' title='bbox 950 1712 1241 1752; x_wconf 89' lang='lat' dir='ltr'>Tarcondimoti</span> <span class='ocrx_word' id='word_1_185' title='bbox 1273 1712 1394 1752; x_wconf 80' lang='lat' dir='ltr'>filium</span> <span class='ocrx_word' id='word_1_186' title='bbox 1421 1715 1529 1755; x_wconf 82' lang='lat' dir='ltr'>exuit</span> 
     </span>
     <span class='ocr_line' id='line_1_26' title="bbox 248 1773 1527 1826; baseline 0.003 -14"><span class='ocrx_word' id='word_1_187' title='bbox 248 1787 380 1824; x_wconf 79' lang='lat' dir='ltr'>regno.</span> <span class='ocrx_word' id='word_1_188' title='bbox 412 1775 594 1824; x_wconf 89' lang='lat' dir='ltr'>idemque</span> <span class='ocrx_word' id='word_1_189' title='bbox 627 1774 750 1812; x_wconf 86' lang='lat' dir='ltr'>fatum</span> <span class='ocrx_word' id='word_1_190' title='bbox 777 1774 1004 1825; x_wconf 85' lang='lat' dir='ltr'>Lycomedis</span> <span class='ocrx_word' id='word_1_191' title='bbox 1034 1773 1128 1820; x_wconf 88' lang='lat' dir='ltr'>fuit,</span> <span class='ocrx_word' id='word_1_192' title='bbox 1159 1773 1267 1813; x_wconf 85' lang='lat' dir='ltr'>Ponti</span> <span class='ocrx_word' id='word_1_193' title='bbox 1293 1775 1527 1826; x_wconf 85' lang='lat' dir='ltr'>Cappadocii</span> 
     </span>
     <span class='ocr_line' id='line_1_27' title="bbox 247 1835 1526 1886; baseline 0.004 -13"><span class='ocrx_word' id='word_1_194' title='bbox 247 1843 398 1886; x_wconf 84' lang='lat' dir='ltr'>partem</span> <span class='ocrx_word' id='word_1_195' title='bbox 434 1835 666 1874; x_wconf 86' lang='lat' dir='ltr'>obtinentis:</span> <span class='ocrx_word' id='word_1_196' title='bbox 708 1836 744 1874; x_wconf 88' lang='lat'>&amp;</span> <span class='ocrx_word' id='word_1_197' title='bbox 768 1835 993 1884; x_wconf 79' lang='lat' dir='ltr'>Alexandri,</span> <span class='ocrx_word' id='word_1_198' title='bbox 1028 1848 1164 1886; x_wconf 89' lang='lat' dir='ltr'>quem,</span> <span class='ocrx_word' id='word_1_199' title='bbox 1199 1837 1375 1877; x_wconf 82' lang='lat' dir='ltr'>accusato</span> <span class='ocrx_word' id='word_1_200' title='bbox 1411 1838 1526 1879; x_wconf 87' lang='lat' dir='ltr'>fratre</span> 
     </span>
     <span class='ocr_line' id='line_1_28' title="bbox 248 1897 1526 1952; baseline 0.004 -16"><span class='ocrx_word' id='word_1_201' title='bbox 248 1897 492 1946; x_wconf 82' lang='lat' dir='ltr'>Jamincho,</span> <span class='ocrx_word' id='word_1_202' title='bbox 529 1897 727 1947; x_wconf 83' lang='lat' dir='ltr'>praemium</span> <span class='ocrx_word' id='word_1_203' title='bbox 768 1898 952 1948; x_wconf 76' lang='lat' dir='ltr'>accepisse</span> <span class='ocrx_word' id='word_1_204' title='bbox 988 1908 1218 1949; x_wconf 84' lang='lat' dir='ltr'>cognoverat</span> <span class='ocrx_word' id='word_1_205' title='bbox 1258 1900 1305 1939; x_wconf 83' lang='lat' dir='ltr'>ab</span> <span class='ocrx_word' id='word_1_206' title='bbox 1335 1901 1526 1952; x_wconf 87' lang='lat' dir='ltr'>Antonio,</span> 
     </span>
     <span class='ocr_line' id='line_1_29' title="bbox 249 1958 1232 2009; baseline 0.004 -12"><span class='ocrx_word' id='word_1_207' title='bbox 249 1971 364 2009; x_wconf 84' lang='lat' dir='ltr'>quem</span> <span class='ocrx_word' id='word_1_208' title='bbox 392 1960 427 1997; x_wconf 71' lang='grc' dir='ltr'>ἅ</span> <span class='ocrx_word' id='word_1_209' title='bbox 448 1971 539 1998; x_wconf 88' lang='lat' dir='ltr'>mox</span> <span class='ocrx_word' id='word_1_210' title='bbox 564 1958 603 1996; x_wconf 91' lang='lat' dir='ltr'>in</span> <span class='ocrx_word' id='word_1_211' title='bbox 622 1958 819 2009; x_wconf 85' lang='lat' dir='ltr'>triumpho</span> <span class='ocrx_word' id='word_1_212' title='bbox 852 1960 1007 1999; x_wconf 68' lang='lat' dir='ltr'>ductum</span> <span class='ocrx_word' id='word_1_213' title='bbox 1029 1962 1232 2002; x_wconf 88' lang='lat' dir='ltr'>interemit.</span> 
     </span>
    </p>

    <p class='ocr_par' dir='ltr' id='par_1_4' title="bbox 246 2027 1527 2394">
     <span class='ocr_line' id='line_1_30' title="bbox 303 2027 1524 2079; baseline 0.003 -12"><span class='ocrx_word' id='word_1_214' title='bbox 303 2027 407 2067; x_wconf 92' lang='lat' dir='ltr'><strong>XVI.</strong></span> <span class='ocrx_word' id='word_1_215' title='bbox 439 2028 514 2067; x_wconf 89' lang='lat' dir='ltr'>Sed</span> <span class='ocrx_word' id='word_1_216' title='bbox 543 2041 626 2078; x_wconf 86' lang='lat' dir='ltr'>quae</span> <span class='ocrx_word' id='word_1_217' title='bbox 659 2027 727 2067; x_wconf 84' lang='lat' dir='ltr'>sub</span> <span class='ocrx_word' id='word_1_218' title='bbox 751 2029 970 2079; x_wconf 89' lang='lat' dir='ltr'>Lycomede</span> <span class='ocrx_word' id='word_1_219' title='bbox 998 2029 1175 2078; x_wconf 81' lang='lat' dir='ltr'>fuerant,</span> <span class='ocrx_word' id='word_1_220' title='bbox 1202 2029 1336 2070; x_wconf 81' lang='lat' dir='ltr'>Medio</span> <span class='ocrx_word' id='word_1_221' title='bbox 1369 2030 1524 2071; x_wconf 81' lang='lat' dir='ltr'>cuidam</span> 
     </span>
     <span class='ocr_line' id='line_1_31' title="bbox 247 2090 1527 2142; baseline 0.002 -13"><span class='ocrx_word' id='word_1_222' title='bbox 247 2090 382 2129; x_wconf 84' lang='lat' dir='ltr'>tribuit</span> <span class='ocrx_word' id='word_1_223' title='bbox 415 2090 561 2138; x_wconf 85' lang='lat' dir='ltr'>Caesar,</span> <span class='ocrx_word' id='word_1_224' title='bbox 593 2091 681 2141; x_wconf 85' lang='lat' dir='ltr'>qui,</span> <span class='ocrx_word' id='word_1_225' title='bbox 710 2091 927 2141; x_wconf 82' lang='lat' dir='ltr'>priusquam</span> <span class='ocrx_word' id='word_1_226' title='bbox 959 2104 1017 2130; x_wconf 89' lang='lat' dir='ltr'>res</span> <span class='ocrx_word' id='word_1_227' title='bbox 1051 2091 1188 2141; x_wconf 78' lang='lat' dir='ltr'>proelio</span> <span class='ocrx_word' id='word_1_228' title='bbox 1220 2093 1527 2142; x_wconf 87' lang='lat' dir='ltr'>permitteretur,</span> 
     </span>
     <span class='ocr_line' id='line_1_32' title="bbox 247 2152 1520 2205; baseline 0.004 -16"><span class='ocrx_word' id='word_1_229' title='bbox 247 2152 366 2203; x_wconf 82' lang='lat' dir='ltr'>Mysis</span> <span class='ocrx_word' id='word_1_230' title='bbox 403 2153 624 2200; x_wconf 88' lang='lat' dir='ltr'>concitatis,</span> <span class='ocrx_word' id='word_1_231' title='bbox 664 2152 809 2193; x_wconf 81' lang='lat' dir='ltr'>bellum</span> <span class='ocrx_word' id='word_1_232' title='bbox 843 2161 976 2193; x_wconf 82' lang='lat' dir='ltr'>contra</span> <span class='ocrx_word' id='word_1_233' title='bbox 1013 2155 1251 2192; x_wconf 87' lang='lat' dir='ltr'>Antonianos</span> <span class='ocrx_word' id='word_1_234' title='bbox 1296 2154 1520 2205; x_wconf 78' lang='lat' dir='ltr'>susceperat.</span> 
     </span>
     <span class='ocr_line' id='line_1_33' title="bbox 249 2214 1522 2268; baseline 0.002 -14"><span class='ocrx_word' id='word_1_235' title='bbox 249 2214 384 2254; x_wconf 86' lang='lat' dir='ltr'>Cleoni</span> <span class='ocrx_word' id='word_1_236' title='bbox 413 2228 567 2266; x_wconf 86' lang='lat' dir='ltr'>quoque</span> <span class='ocrx_word' id='word_1_237' title='bbox 602 2216 915 2256; x_wconf 75' lang='lat' dir='ltr'>Gordiucomensi</span> <span class='ocrx_word' id='word_1_238' title='bbox 951 2215 1001 2256; x_wconf 85' lang='lat' dir='ltr'>ob</span> <span class='ocrx_word' id='word_1_239' title='bbox 1030 2215 1147 2255; x_wconf 78' lang='lat' dir='ltr'>simile</span> <span class='ocrx_word' id='word_1_240' title='bbox 1176 2216 1351 2256; x_wconf 80' lang='lat' dir='ltr'>meritum</span> <span class='ocrx_word' id='word_1_241' title='bbox 1392 2218 1522 2268; x_wconf 79' lang='lat' dir='ltr'><strong>Myfiae</strong></span> 
     </span>
     <span class='ocr_line' id='line_1_34' title="bbox 247 2277 1520 2328; baseline 0.002 -13"><span class='ocrx_word' id='word_1_242' title='bbox 247 2277 429 2316; x_wconf 80' lang='lat' dir='ltr'>conceffae</span> <span class='ocrx_word' id='word_1_243' title='bbox 465 2285 614 2326; x_wconf 80' lang='lat' dir='ltr'>partes,</span> <span class='ocrx_word' id='word_1_244' title='bbox 648 2288 691 2316; x_wconf 88' lang='lat' dir='ltr'>ut</span> <span class='ocrx_word' id='word_1_245' title='bbox 729 2290 775 2316; x_wconf 72' lang='lat' dir='ltr'>ex</span> <span class='ocrx_word' id='word_1_246' title='bbox 813 2277 961 2317; x_wconf 83' lang='lat' dir='ltr'>latrone</span> <span class='ocrx_word' id='word_1_247' title='bbox 992 2278 1141 2328; x_wconf 86' lang='lat' dir='ltr'>regulus</span> <span class='ocrx_word' id='word_1_248' title='bbox 1180 2278 1306 2326; x_wconf 86' lang='lat' dir='ltr'>fieret,</span> <span class='ocrx_word' id='word_1_249' title='bbox 1347 2281 1382 2318; x_wconf 71' lang='grc' dir='ltr'>δε</span> <span class='ocrx_word' id='word_1_250' title='bbox 1415 2279 1520 2327; x_wconf 82' lang='lat' dir='ltr'>Jovis</span> 
     </span>
     <span class='ocr_line' id='line_1_35' title="bbox 246 2340 1520 2394; baseline -0.001 -13"><span class='ocrx_word' id='word_1_251' title='bbox 246 2340 445 2381; x_wconf 86' lang='lat' dir='ltr'>Abretteni</span> <span class='ocrx_word' id='word_1_252' title='bbox 468 2340 664 2388; x_wconf 87' lang='lat' dir='ltr'>sacerdos,</span> <span class='ocrx_word' id='word_1_253' title='bbox 695 2354 715 2379; x_wconf 87' lang='lat' dir='ltr'>a</span> <span class='ocrx_word' id='word_1_254' title='bbox 740 2354 815 2391; x_wconf 89' lang='lat' dir='ltr'>quo</span> <span class='ocrx_word' id='word_1_255' title='bbox 850 2343 960 2381; x_wconf 63' lang='lat' dir='ltr'>auc⁶ta</span> <span class='ocrx_word' id='word_1_256' title='bbox 986 2354 1078 2380; x_wconf 82' lang='lat' dir='ltr'>mox</span> <span class='ocrx_word' id='word_1_257' title='bbox 1100 2342 1218 2391; x_wconf 82' lang='lat' dir='ltr'>patria</span> <span class='ocrx_word' id='word_1_258' title='bbox 1240 2342 1431 2394; x_wconf 80' lang='lat' dir='ltr'>Iuliopolis</span> <span class='ocrx_word' id='word_1_259' title='bbox 1453 2354 1520 2392; x_wconf 88' lang='lat' dir='ltr'>ap-</span> 
     </span>
    </p>
   </div>
   <div class='ocr_carea' id='block_1_3' title="bbox 293 2471 1524 2521">
    <p class='ocr_par' dir='ltr' id='par_1_5' title="bbox 293 2471 1524 2521">
     <span class='ocr_line' id='line_1_36' title="bbox 293 2471 1524 2521; baseline 0.002 -15"><span class='ocrx_word' id='word_1_260' title='bbox 293 2471 317 2517; x_wconf 68' lang='lat'>5</span> <span class='ocrx_word' id='word_1_261' title='bbox 340 2473 433 2509; x_wconf 85' lang='lat' dir='ltr'><strong>XIV.</strong></span> <span class='ocrx_word' id='word_1_262' title='bbox 454 2473 536 2510; x_wconf 75' lang='lat' dir='ltr'>Dio.</span> <span class='ocrx_word' id='word_1_263' title='bbox 558 2474 682 2519; x_wconf 84' lang='lat' dir='ltr'>Vellej.</span> <span class='ocrx_word' id='word_1_264' title='bbox 708 2486 726 2509; x_wconf 86' lang='lat'><em>2</em></span> <span class='ocrx_word' id='word_1_265' title='bbox 742 2501 752 2518; x_wconf 80' lang='lat'>,</span> <span class='ocrx_word' id='word_1_266' title='bbox 776 2476 831 2519; x_wconf 80' lang='lat'>85.</span> <span class='ocrx_word' id='word_1_267' title='bbox 856 2475 944 2512; x_wconf 73' lang='lat' dir='ltr'>Plut,</span> <span class='ocrx_word' id='word_1_268' title='bbox 977 2476 999 2521; x_wconf 88' lang='lat'>§</span> <span class='ocrx_word' id='word_1_269' title='bbox 1023 2476 1102 2513; x_wconf 86' lang='lat' dir='ltr'>XV.</span> <span class='ocrx_word' id='word_1_270' title='bbox 1125 2474 1249 2520; x_wconf 68' lang='lat' dir='ltr'>Vellei⁹</span> <span class='ocrx_word' id='word_1_271' title='bbox 1271 2474 1352 2511; x_wconf 73' lang='lat' dir='ltr'>Dio.</span> <span class='ocrx_word' id='word_1_272' title='bbox 1378 2474 1524 2513; x_wconf 50' lang='lat' dir='ltr'>Pausian,</span> 
     </span>
    </p>
   </div>
   <div class='ocr_carea' id='block_1_4' title="bbox 1604 2448 1612 2960">
    <p class='ocr_par' dir='ltr' id='par_1_6' title="bbox 1604 2448 1612 2960">
     <span class='ocr_line' id='line_1_37' title="bbox 1604 2448 1612 2960; baseline 0 0"><span class='ocrx_word' id='word_1_273' title='bbox 1604 2448 1612 2960; x_wconf 95' lang='lat' dir='ltr'> </span> 
     </span>
    </p>
   </div>
  </div>
 </body>
</html>
