1617 2963
169 154 253 202 IN
289 154 474 202 LOC.
526 153 675 203 LIB.
712 155 956 203 CXXVIII
992 151 1143 204 LIV.
1259 172 1314 218 τις

31 263 114 301 «stus
149 258 251 301 esset.
303 264 403 302 Nam
440 261 578 300 humili
611 260 699 301 loco
738 269 868 311 ortus,
904 270 946 302 ut
980 264 1095 302 etiam
1132 261 1321 313 Vipsaniae

29 326 179 374 gentis,
208 334 390 375 tanquam
425 324 714 371 obscurissimae,
749 337 895 364 nomen
927 325 1007 375 ipse
1045 323 1219 371 tolleret,
1252 328 1318 365 M.

27 386 230 439 Agrippam
258 388 300 425 L.
338 389 382 425 F.
404 379 558 435 'ubique
591 385 819 434 praeferens,
849 387 898 426 ad
929 387 1117 426 maximos
1148 386 1320 426 honores

30 450 186 488 evenus
220 449 389 487 amicitia
423 447 574 486 Caesaris
604 447 741 484 fuerat.

96 510 253 550 XXIX.
298 509 420 560 Igitur
459 507 707 558 praetermisso
737 507 958 558 triumphog
994 516 1079 548 toto
1114 516 1254 548 conatu
1277 509 1321 548 in

31 573 258 610 mandatum
290 572 356 610 fibi
382 582 520 609 munus
544 568 774 608 incumbens
792 599 804 616 ‚
829 582 945 608 naves
968 582 1035 619 per
1067 584 1222 609 omnem
1246 570 1323 610 Ita.

30 631 91 672 liae
117 647 223 672 oram
255 632 480 672 aedificabat.
519 632 715 671 Maximus
742 631 848 669 enim
883 629 1001 669 fiebat
1032 641 1237 681 apparatus
1268 631 1322 670 ad

31 705 113 734 tam
126 696 295 733 vicinum
318 695 353 732 ἃ
370 692 615 732 formidabile
640 692 800 731 bellum.
828 704 918 730 nam
943 694 979 730 Sc
1006 693 1123 731 amici
1140 693 1321 742 Caesaris,

33 757 72 795 &
101 756 273 806 quaedam
309 755 481 793 civitates
525 754 626 793 ultro
659 752 857 804 promissas
882 764 998 791 naves
1035 752 1321 794 construebant,

31 817 109 857 Sed
144 817 325 866 quoniam
357 816 584 866 plerumque
623 816 715 855 litus
754 814 872 854 Italiae
901 814 1183 865 importuosum
1214 823 1328 864 erat;

33 879 71 917 ἃ
95 878 272 916 stationes
298 886 413 916 tantae
440 877 543 917 classi
567 891 649 916 non
676 876 988 927 reperiebantur3
1011 877 1199 927 Agrippa⁷
1225 889 1327 926 p1·ae-,

29 937 174 978 clarum
203 953 298 990 opus
327 938 457 986 orsus,
484 937 684 988 quomodo
716 948 764 975 ex
788 937 951 976 Lucrino
974 937 1060 976 lacu
1091 946 1247 987 portum
1268 937 1324 975 fa-

30 1010 166 1049 ceret,
200 1002 447 1050 excogitavit.
499 1000 655 1050 Quippe
692 999 731 1036 in
769 1011 859 1049 agro
893 999 1094 1047 Cumano,
1128 998 1328 1039 misenum

29 1062 129 1101 inter
150 1064 185 1102 ἃ
210 1062 413 1111 Puteolos,
434 1062 543 1101 locus
569 1063 609 1099 in
632 1061 733 1099 lunae
766 1060 932 1112 speciem
959 1070 1160 1107 curvatus,
1189 1061 1323 1100 Lucri-

31 1136 127 1162 num
155 1125 422 1174 Avernumque
452 1123 557 1162 lacus
589 1122 770 1162 habebat.
820 1122 909 1161 Hoc
949 1122 1121 1172 Agrippa
1153 1121 1326 1162 mirabili

29 1184 180 1236 prorsus
213 1198 327 1237 opere
361 1185 553 1224 commisit
582 1184 705 1233 mari,
736 1196 953 1238 portumque
980 1183 1115 1223 Iulium
1146 1182 1329 1233 appellam-

30 1247 112 1296 vit‚
146 1256 228 1286 tum
259 1246 415 1297 quidem
446 1246 679 1296 recipiendis
714 1245 877 1284 navibus
913 1243 1174 1295 aptiffimum3
1205 1245 1336 1284 hodie·

31 1308 215 1359 paludem
243 1308 438 1347 coenosam
467 1320 511 1347 ac
540 1317 719 1357 tenuem,
742 1321 787 1347 ex
814 1321 890 1358 quo
919 1307 1184 1346 subterraneus
1201 1308 1329 1357 igni&

32 1369 134 1409 fac'ta
162 1382 229 1420 per
262 1379 415 1408 montes
442 1371 672 1420 eruptione,
701 1370 827 1409 vicina
853 1368 929 1408 late
961 1369 1153 1408 cineribus
1189 1369 1327 1408 alosti«

32 1432 107 1471 mis
134 1432 319 1483 opplevit.
363 1433 478 1472 Nunc
513 1432 670 1482 quidem
705 1434 820 1471 Mons
849 1446 962 1470 novus
996 1432 1231 1483 appellatur,
1257 1446 1322 1471 am

33 1507 87 1533 no
110 1494 232 1533 faetus
263 1494 470 1533 centefimo
497 1493 685 1544 septimo,
709 1493 926 1543 priusquam
950 1492 1032 1532 haec
1063 1493 1327 1535 scriberemuq.

35 1556 164 1605 Hujus
188 1558 313 1606 operis
334 1556 445 1595 multi
471 1556 670 1606 scriptores
692 1556 885 1594 confufius
900 1587 913 1602 ,
939 1568 1055 1609 quam
1071 1557 1330 1607 explicati1183

32 1619 209 1659 fecerunt
229 1621 492 1658 mentionem:
523 1631 580 1658 res
598 1621 651 1658 ita
680 1618 803 1658 ferme
836 1618 989 1657 habuit.

92 1682 229 1722 XXX.
259 1682 468 1721 Lucrinum
496 1680 624 1719 lacum
655 1680 705 1720 ab
737 1691 897 1719 externo
926 1681 1019 1719 mari
1043 1681 1246 1721 dirimebat
1261 1694 1326 1732 ag„

37 1756 103 1795 ger
126 1744 315 1793 antiquus,
341 1745 429 1782 oclo
449 1742 656 1781 stadiorum
682 1741 949 1791 longitudine,
964 1754 1036 1780 nec
1059 1742 1190 1790 latior,
1207 1755 1329 1793 quam

35 1815 80 1845 ut
103 1805 282 1844 incedere
305 1817 373 1855 per
397 1817 484 1844 eum
513 1816 642 1842 currus
662 1802 795 1853 posset.
828 1804 945 1843 Vetus
965 1814 1047 1843 erat
1067 1804 1196 1843 fabula
1211 1835 1221 1853 ,
1238 1806 1327 1857 stru-

34 1869 121 1905 Hum
145 1867 190 1905 ab
227 1866 406 1913 Hercule,
431 1865 606 1916 Geryonis
631 1876 783 1903 armenta
816 1879 878 1917 per
901 1866 1057 1918 regiones
1079 1865 1164 1903 illas
1191 1879 1328 1918 agente.

37 1929 152 1969 Hanc
176 1927 318 1967 molem
356 1927 504 1966 duabus
529 1927 695 1977 angustis
724 1926 853 1974 foffis,
883 1941 949 1978 per
973 1941 1066 1977 quas
1091 1930 1232 1967 intrare
1259 1941 1330 1967 na-⁴

38 2003 104 2030 ves
126 1990 295 2041 possent,
317 1989 431 2029 scidit
455 1991 646 2040 Agrippa3
670 1989 811 2028 deinde
832 1990 937 2029 foffis
969 1989 1050 2028 aliis
1077 1990 1222 2036 ductis,
1246 1989 1334 2032 Lu2

39 2054 189 2091 crinum
212 2054 479 2102 Avernumque
502 2053 732 2101 conjunxit:
763 2050 873 2089 fimul
895 2064 970 2100 quo
988 2052 1158 2100 undique
1176 2050 1331 2089 facilius

39 2114 91 2152 ad
111 2122 262 2163 portum
285 2115 358 2153 iter
380 2113 494 2162 effet,
509 2113 614 2152 silvas
636 2113 780 2151 circum
797 2111 1048 2160 denfiffimas,
1071 2111 1167 2150 nihil
1190 2111 1331 2149 reveri-

39 2184 102 2215 tus
120 2178 292 2226 antiquas
316 2176 490 2216 locorum
507 2176 771 2222 caerimonias‚
796 2174 967 2214 exscidit.
990 2173 1085 2213 Inde
1109 2173 1328 2223 profenum

40 2237 215 2278 existimo
254 2251 473 2287 rumorem,
502 2238 744 2277 fimulacrum
778 2238 1009 2286 antiquum,
1041 2235 1114 2274 five
1144 2231 1331 2284 Calypsus·

91 2361 114 2404 ς
139 2360 299 2394 XXVIII.
331 2361 478 2404 Appian.
499 2359 583 2392 Dio.
612 2359 742 2402 Vellei.
766 2359 878 2392 Tacit.
909 2359 1025 2391 Senec.
1049 2357 1089 2389 de
1111 2355 1221 2389 benef.
1246 2353 1330 2390 Vah*

49 2405 146 2439 Max.
169 2418 206 2445 4,
223 2415 254 2444 7.
277 2406 351 2438 Liv.
376 2406 467 2447 Epit.
492 2407 511 2445 ς
535 2404 658 2437 XXIX.
687 2405 835 2447 Appian.
860 2403 940 2436 Dio.
965 2403 1148 2444 l'hilargyr.
1172 2400 1211 2432 ad
1236 2399 1336 2443 Virg.

49 2449 176 2494 Georg.
201 2461 238 2493 2,
269 2454 340 2485 151.
367 2448 492 2492 Veuej·
515 2449 656 2485 Sueten.
673 2449 709 2483 in
730 2450 817 2494 Aug.
841 2448 944 2492 c.,r62
967 2447 1108 2485 Cluvex.
1129 2445 1204 2486 hal.
1223 2446 1336 2492 antiq.
