1617 2963
188 194 271 242 IN
315 194 479 241 LOC.
525 195 665 240 LlB.
717 193 963 239 CXXXIII
1011 195 1154 240 le.
1238 210 1327 255 137

55 309 147 348 rat,
180 302 338 342 Herode
374 302 616 351 deprecatore
661 298 837 338 confisus.
888 302 935 339 At
974 300 1172 348 Herodes,
1205 299 1328 338 multa

55 366 190 405 Caesari
229 365 382 414 ejusque
419 363 551 402 amicis
586 362 814 411 dilargitus,
854 364 901 401 ad
941 363 1207 413 {Egyptiacum
1247 362 1333 401 bel·

52 429 133 467 lum
167 427 421 478 proficiscenti
461 437 590 467 comes
627 424 725 470 fuit,
759 425 883 462 donec
912 427 952 463 in
988 427 1134 476 Syriam
1171 438 1333 476 perven-

52 499 161 530 tum:
194 490 285 528 inde
318 490 368 527 ad
396 501 451 526 res
490 487 596 526 domi
637 486 868 526 ordinandas
898 487 936 524 in
965 500 1125 538 regnum
1158 489 1332 529 recurrit.

55 551 175 590 Caesar
199 551 351 590 interim
378 562 444 599 per
470 550 615 599 Syriam
639 549 782 587 ducens
810 550 1043 597 exercitum,
1060 551 1332 598 Alexandnnn,

53 625 169 661 quem
202 614 240 649 in
275 611 438 651 vinculis
475 611 710 657 adduxerat,
745 612 784 648 in
822 611 944 661 patria
988 611 1097 661 ipsius
1141 611 1333 662 supplicio

52 673 155 722 juffit
176 674 287 713 affici.

117 737 258 776 XLIlI.
286 736 381 775 Inde
409 735 659 776 contendenti
690 737 730 774 in
758 734 967 786 AEgyptum
999 734 1098 773 circa
1126 734 1333 774 Ptolemai-

55 797 143 837 dem
176 798 347 836 Herodes
378 798 543 836 occurrit
573 811 660 837 cum
688 796 923 848 ampliflimis
949 797 1191 846 muneribus,
1216 799 1334 838 etiam

56 857 245 897 militibus
279 859 480 897 necell'aria
519 858 753 910 hospitaliter
789 859 970 909 praebens.
1016 858 1143 909 Ipsum
1178 872 1332 909 quoque

59 921 242 960 Caesarcm
288 934 377 959 cum
423 922 555 960 amicis
599 935 751 961 centum
800 923 1074 973 quinquaginta
1124 923 1332 973 magnifico

55 984 233 1022 convivio
267 985 427 1033 excepit.
458 986 492 1023 ὁὶ
526 985 614 1034 quia
640 997 706 1034 per
737 983 823 1023 loca
851 985 954 1023 arida
982 985 1204 1023 ducendum
1230 995 1334 1032 erat,

56 1046 108 1083 ita
144 1046 340 1094 providit,
375 1054 416 1084 ut
446 1059 571 1095 neque
607 1047 762 1094 vinum,
794 1059 946 1095 neque,
979 1060 1052 1098 qua
1092 1048 1213 1097 magis
1251 1053 1331 1085 erat

55 1120 179 1157 opus,
201 1120 296 1157 aqua
331 1110 541 1147 exercitum
574 1110 764 1147 deficeret.
794 1109 990 1148 discedens
1025 1108 1166 1147 deinde
1196 1108 1331 1147 Caesari

56 1169 199 1209 talenta
232 1169 451 1219 octingenta
488 1172 589 1209 dono
627 1171 756 1210 dedit:
788 1171 1042 1221 omnibusque
1077 1171 1189 1210 rebus
1213 1171 1328 1210 irase

56 1231 191 1282 gesfit⁷
217 1243 259 1271 ut
284 1247 355 1271 eum
391 1249 474 1285 opes
503 1235 623 1286 regni,
652 1235 745 1285 quod
779 1238 931 1279 tenebat,
955 1234 1066 1271 animi
1093 1234 1332 1285 magnitudine

53 1295 196 1332 multum
227 1294 449 1346 exsuperare,
474 1297 570 1346 aequi
603 1296 801 1346 iniquique
834 1296 1051 1335 faterentur.
1109 1295 1250 1342 Caesar,
1279 1296 1331 1335 ad

53 1356 241 1396 Pelufium
267 1357 432 1396 adducto
461 1359 650 1403 exercitu,
674 1357 869 1396 deditione
902 1356 1071 1404 Seleuci,
1099 1369 1211 1406 quem
1240 1370 1332 1406 prae-

11 1426 13 1428 ’
55 1417 150 1456 sidio
178 1418 308 1466 regina
328 1419 568 1468 praefecerat,
591 1419 777 1469 oppidum
802 1417 915 1468 cepit.
947 1418 1042 1456 Inde
1059 1430 1149 1456 cum
1170 1416 1330 1456 Alexan-

56 1480 176 1519 driam
208 1490 378 1530 peteret,
417 1482 607 1532 equitatus
640 1483 773 1520 itinere
804 1481 982 1530 fatigatus
1016 1481 1213 1529 eruptione
1244 1479 1328 1530 pul-

56 1540 116 1580 sus
146 1542 197 1580 est
212 1543 389 1590 Antonii,
415 1546 479 1593 qui
504 1544 553 1582 ad
580 1544 720 1581 famam
742 1543 893 1582 istarum
912 1554 1061 1588 rerum,
1086 1542 1202 1581 motis
1223 1555 1242 1581 a
1265 1543 1331 1582 Pa-

57 1603 218 1642 rtetonio
243 1604 394 1653 castris,
417 1605 552 1644 urbem
577 1606 790 1644 intraverat.

109 1666 245 1707 XLIV.
277 1666 372 1717 Ergo
403 1680 480 1706 uno
509 1666 582 1706 hoc
614 1671 713 1706 inter
736 1674 795 1706 tot
821 1665 974 1705 adversa
1001 1665 1176 1717 prospere
1201 1666 1329 1706 decer.

56 1735 135 1766 tato
165 1730 373 1767 certamine
402 1729 547 1777 laedor,
581 1742 692 1779 quam
728 1742 796 1779 pro
831 1729 1093 1778 magnitudine
1123 1729 1230 1779 gestae
1253 1730 1331 1780 rei,

58 1787 300 1838 Cleopatram
332 1790 371 1828 in
398 1792 511 1829 armis
550 1789 799 1838 complexus,
827 1789 1111 1827 commendavit
1140 1791 1176 1827 ei
1207 1802 1334 1839 quen-

56 1851 172 1899 dam,
198 1852 261 1902 qui
287 1865 361 1902 prae
395 1853 530 1891 ceteris
559 1850 756 1890 fortiffime
793 1851 858 1890 illo
887 1853 949 1891 die
976 1860 1218 1902 pugnaverat.
1255 1853 1333 1892 Sed

57 1912 122 1952 ille
136 1944 149 1960 ‚
167 1914 269 1952 dono
288 1913 500 1966 Cleopatrae
525 1915 684 1954 loricam
705 1926 856 1953 auream
874 1944 884 1962 ,
904 1917 938 1955 Sc
963 1927 1009 1954 ex
1025 1916 1162 1954 eodem
1180 1913 1356 1954 metallo·

57 1974 206 2025 galeam
225 1978 357 2016 nactus
373 2007 387 2024 ‚
415 1988 504 2015 cum
534 1975 593 2015 his
617 1978 729 2016 noete
751 1978 924 2026 proxima
944 1978 991 2016 ad
1018 1977 1198 2016 Caesarem
1214 1969 1334 2017 trans-

56 2037 167 2087 fugit.
194 2037 333 2077 Contra
366 2037 440 2077 suis
477 2038 573 2078 adeo
610 2038 754 2078 fidebat
786 2037 930 2088 Caesar,
964 2048 1005 2078 ut
1028 2039 1179 2079 libellos
1205 2041 1245 2080 in
1269 2054 1335 2080 ca-

57 2098 128 2138 stra
155 2101 376 2149 conjectos,
406 2100 542 2151 quibus
571 2103 673 2154 adse
697 2102 890 2151 transituris
915 2102 1078 2139 denarios
1107 2101 1200 2138 mille
1230 2103 1333 2152 quiu-

54 2171 177 2211 gentos
211 2161 341 2199 viritim
378 2162 566 2200 Antonius
602 2160 878 2211 pollicebatur,
909 2161 988 2211 ipse
1022 2161 1236 2200 recitaverit
1266 2174 1332 2210 pa-

55 2219 167 2259 lam:
198 2222 234 2259 &
272 2223 433 2271 tempori
465 2223 711 2273 congruentia
742 2222 920 2270 locutus,
951 2222 1066 2261 etiam
1104 2222 1332 2272 promtiores

58 2281 106 2320 ab
132 2281 185 2320 ira
218 2280 424 2320 sollicitatae
457 2281 547 2322 fidei
575 2282 758 2322 habuerit.
793 2283 960 2333 Ideoque
988 2284 1199 2329 Antonius,
1226 2283 1330 2332 post-

58 2356 174 2394 quam
205 2345 333 2384 omnia
367 2347 533 2384 tentanti
558 2346 652 2385 nihil
676 2346 762 2386 satis
788 2346 1043 2398 procedebat,
1070 2347 1119 2386 ad
1146 2344 1329 2396 lingulare

61 2461 257 2541 05sx¹g¹L
291 2462 381 2498 Plut.
404 2464 438 2497 in
459 2464 590 2498 amon.
613 2463 753 2507 Joseph.
776 2465 798 2508 ς
823 2465 943 2498 xmn.
967 2464 1102 2505 Ioseph.
1131 2463 1221 2496 mut.
1242 2462 1325 2499 Dio.

98 2518 134 2540 ro
156 2531 163 2540 .
216 2532 224 2547 ,
258 2518 306 2546 iq«
