1617 2963
215 173 315 242 {318
383 175 475 222 JO.
517 170 1014 221 FREINSHEMII
1054 173 1404 223 SUPPLEM.·

225 282 399 324 Tradunt
427 281 565 327 etiarn,
590 279 692 331 quafi
723 280 761 317 in
789 280 998 331 perniciem
1025 282 1106 330 ejus
1137 281 1265 321 omnia
1298 279 1503 332 conspiras.

225 344 332 393 sent,
364 344 409 382 ab
436 343 629 381 Eclzeneide
652 341 821 392 pisciculo
857 353 1019 379 retentam
1053 343 1248 394 praetoriam
1271 344 1402 395 susse,
1432 356 1502 396 qua

224 404 397 443 circumire
419 404 468 440 dd
492 402 726 439 exhortandos
743 401 832 453 suos
852 415 1016 452 coeperat,
1050 404 1158 441 donec
1177 403 1214 442 in
1243 404 1352 442 aliam
1379 417 1503 441 navem

226 467 393 517 transtra.
426 463 587 503 Evectus
618 462 734 513 igitur
755 462 899 511 Caesar,
928 464 992 502 ubi
1018 464 1199 514 nusquam
1225 465 1401 516 progredi
1433 464 1504 503 ho-

224 527 319 567 stem
341 524 641 571 animadvertit,
678 525 844 568 incertus
875 524 1042 570 consilii,
1077 534 1207 565 tamen
1241 527 1412 576 expediri
1448 538 1506 565 re-

226 599 312 628 mos
339 588 535 637 praecepit.
573 587 736 633 deinde,
768 586 831 626 ubi
859 600 973 627 nemo
999 600 1045 626 ex
1067 587 1222 627 adverso
1249 588 1504 638 procedebat,

227 648 248 702 (
261 662 348 688 nam
372 649 512 700 scapha
525 649 800 688 circumiret-stus
818 651 1007 689 Antonius
1029 649 1301 699 gubernatores
1318 660 1423 687 tenere
1445 650 1506 687 lo-

226 727 302 751 cum
325 713 416 751 eirca
435 712 614 765 angustias
636 724 781 764 portus,
817 724 982 765 tanquam
1007 712 1144 750 ancoris
1159 710 1267 762 jaelis
1291 711 1501 759 immobiles,

227 775 408 826 jusserat,
447 774 618 815 hortatus
651 773 822 820 milites,
859 785 898 812 ut
925 785 1066 826 propter
1094 773 1302 824 gravitatem
1329 772 1474 810 navium
1492 802 1506 820 ‚

227 838 309 875 inde
334 837 430 876 velut
445 838 596 890 stataria
615 851 736 889 pugna
753 837 987 889 aggredientes
1012 835 1235 886 exciperent)
1267 834 1414 883 {ignum
1440 834 1505 872 da-

224 903 338 944 tum,
368 896 422 934 uti
456 908 597 935 cornua
633 894 912 933 inveherentur.
953 895 995 934 In
1020 893 1181 934 alterum
1217 895 1294 942 jam
1334 895 1501 943 Agrippa

226 959 443 998 transierat:
477 971 590 1009 quem
626 958 818 1008 porrigere
849 956 982 995 videns
1009 956 1130 994 aciem
1160 954 1377 1003 Publicola,
1408 956 1503 995 dum

227 1020 314 1061 suos
337 1020 452 1059 ctiam
479 1020 631 1059 ordines
656 1019 859 1069 expandit,
880 1032 901 1058 a
917 1018 1052 1058 mediis
1077 1016 1342 1057 divellebzxtur.

222 1109 223 1112 =
276 1081 332 1125 ill.
346 1081 444 1121 Tum
466 1082 671 1125 Antonius,
692 1093 740 1120 ne
760 1079 1011 1120 multitudine
1034 1078 1224 1117 hostilium
1252 1078 1405 1116 navium
1432 1077 1504 1115 cir.

230 1144 437 1184 cumveniri
461 1143 562 1183 suam
591 1143 741 1183 classem
756 1174 768 1191 ‚
791 1154 856 1182 aut
876 1142 1008 1181 diduci
1032 1150 1253 1192 pateretur,
1276 1140 1396 1178 invito
1420 1153 1507 1191 pro·

229 1207 315 1258 pior
348 1207 385 1244 in
410 1205 907 1252 advenientesCaesarianos
938 1205 1072 1242 movit.
1109 1203 1165 1243 lbi
1195 1215 1283 1241 vero
1306 1201 1346 1242 L.
1368 1204 1505 1242 Arrun.

228 1271 283 1308 tio
307 1279 532 1309 occurrente
547 1302 558 1319 ‚
575 1280 683 1308 atrox
709 1271 744 1308 &
762 1267 990 1307 obstinatum
1010 1277 1201 1306 certamen
1218 1276 1344 1305 ortum
1360 1297 1372 1315 ‚
1396 1266 1504 1305 duci-

230 1330 302 1370 bus
322 1332 496 1381 utrinque
516 1340 631 1381 atque
654 1330 966 1381 gubernatoribus
986 1343 1032 1368 ex
1054 1329 1116 1368 sua
1137 1329 1329 1369 alacritate
1343 1336 1407 1367 aut
1425 1336 1505 1368 arte

231 1395 337 1442 spem
354 1395 602 1445 pugnantium
626 1395 938 1439 intendentibus,
959 1396 993 1433 ὃς
1015 1394 1164 1432 animos
1187 1392 1389 1442 instigante
1414 1403 1510 1431 con-

228 1454 359 1505 speetu
374 1464 489 1506 atque
502 1454 845 1494 acclamationibus
861 1454 1089 1504 pedestrium
1106 1454 1326 1503 copiarum,
1342 1465 1504 1502 quatum

210 1535 215 1556 ·,
230 1517 404 1566 regimen
433 1515 524 1554 hinc
550 1516 587 1555 P.
617 1515 822 1565 Canidius,
852 1517 941 1554 inde
968 1515 1144 1555 *Statilius
1181 1515 1326 1554 Taurus
1357 1513 1507 1553 obtine-

213 1578 335 1617 bant.
373 1579 448 1619 Sed
475 1586 555 1618 erat
582 1579 688 1618 sicuti
717 1580 869 1618 navium
908 1578 1102 1627 utrinque,
1140 1578 1187 1616 iic
1218 1579 1333 1617 etiam
1367 1590 1504 1627 pugnae

226 1639 323 1680 zatio
350 1640 487 1690 dispar.
535 1639 731 1680 Caesariani
757 1640 969 1680 minoribus
1001 1642 1035 1680 ἃ
1066 1640 1213 1679 levibus
1246 1639 1403 1688 navigiis
1437 1638 1505 1678 ho-

227 1700 368 1740 stilium
396 1700 516 1740 moles
537 1701 686 1750 impetu
703 1701 902 1749 subibant,
925 1703 1093 1751 teetique
1119 1702 1153 1739 Sc
1175 1699 1242 1738 sub
1269 1699 1347 1749 ipsa
1370 1712 1505 1739 eorum

229 1763 497 1812 magnitudine
516 1762 696 1810 latentes,
713 1764 872 1813 impune
890 1764 1160 1802 detrimentum
1188 1761 1417 1801 inferebant:
1437 1768 1505 1800 aut

227 1823 253 1862 fi
280 1823 409 1862 frustra
438 1833 596 1863 conatus
619 1823 772 1871 fuisset,
795 1824 1009 1875 priusquam
1043 1823 1221 1862 manibus
1240 1822 1368 1861 ferreis
1399 1835 1507 1861 com-

226 1884 580 1935 prehenderentur,
607 1883 644 1922 se
669 1884 925 1933 recipiebant,
955 1897 1044 1923 mox
1075 1884 1238 1923 eandem
1265 1885 1404 1922 iterum
1431 1895 1506 1921 na·

215 1946 339 1991 siem,
368 1955 433 1984 aut
453 1947 477 1985 fi
499 1959 573 1996 qua
596 1945 671 1985 alia
693 1946 946 1996 opportunior
971 1946 1182 1993 videretur,
1206 1945 1326 1984 libero
1352 1943 1503 1983 incursu

225 2006 418 2046 tentaturi.

295 2069 360 2109 III.
398 2068 583 2108 Adversus
620 2069 702 2108 haec
740 2070 965 2108 Antonianis
994 2081 1093 2108 curae
1120 2073 1223 2113 erat,
1259 2079 1306 2106 ex
1337 2066 1503 2117 praealtis

226 2132 388 2172 navibus
415 2131 581 2185 (decem
614 2132 729 2182 pedes
756 2130 891 2181 aliquae
915 2144 934 2169 a
962 2131 1054 2169 mari
1088 2129 1269 2180 aberant)
1302 2128 1503 2178 catapultis

227 2194 370 2241 hastas,
396 2205 459 2234 aut
484 2194 569 2234 saxa
587 2196 732 2243 jacere,
748 2194 1017 2235 succedentem
1046 2193 1190 2232 hostem
1217 2191 1414 2231 miffilibus
1437 2192 1505 2230 in-

228 2256 389 2303 cessere,
419 2255 643 2308 harpagines
673 2257 831 2305 injicere
857 2256 1026 2295 navibus.
1058 2268 1101 2295 ea
1133 2268 1188 2294 res
1216 2255 1367 2306 quoties
1408 2267 1502 2304 pro-

229 2317 418 2366 cedebat,
441 2317 545 2358 haud
575 2318 691 2358 dubie
720 2318 973 2358 vincebantur
1007 2317 1228 2367 Ceesariani:
1270 2316 1335 2356 ubi
1361 2316 1502 2356 subdu-

229 2378 414 2419 cendibus
439 2376 477 2418 se
508 2377 590 2428 his,
613 2387 726 2430 atque
754 2378 945 2418 celeritate
969 2377 1031 2417 sua
1059 2369 1328 2427 eripientibus,
1350 2376 1498 2416 aberra.

271 2491 294 2535 5
318 2492 344 2525 l.
367 2491 455 2527 Plut.
481 2491 603 2536 's’euejff
625 2490 712 2526 Plan.
735 2502 797 2534 32,
825 2505 853 2527 ι.
879 2491 901 2537 5
928 2492 971 2526 11.
994 2491 1075 2524 Dio.
1095 2490 1183 2524 Plut.
1205 2489 1329 2532 Vellej.
