1617 2963
105 160 188 209 JO.
214 159 299 206 FR.
328 156 483 204 SUPP.
501 156 564 202 IN
584 154 726 202 LOC.
744 155 793 201 L.
812 153 1058 200 CXXXV.
1078 153 1190 198 LIV.
1229 170 1253 198 2
1267 167 1281 196 ι
1300 169 1319 216 3

44 270 122 308 cati
142 270 285 319 agitare
305 264 591 304 nuntiabantur.
614 262 733 311 Igitur
753 263 794 300 in
810 261 965 301 Merdos
978 260 1190 311 Serdosque
1214 272 1322 310 exer-

44 332 121 370 citu
146 331 325 375 inducto,
351 326 522 365 nationes
542 323 626 362 istas
647 321 786 373 proelio
809 336 888 362 non
911 336 989 363 uno
1014 323 1157 369 victas,
1180 334 1322 373 magno

42 391 174 430 labore
201 389 375 436 domuit3
409 384 613 436 amputatis
649 383 861 423 multorum
884 385 1082 433 manibus,
1112 384 1216 434 quod
1247 382 1322 422 ali-

42 462 99 491 ter
124 451 245 500 frangi
267 450 397 488 feritas
428 444 770 486 crudelissimorum
800 447 1023 487 mortalium
1047 460 1127 486 non
1157 454 1324 496 poterat-¹

42 515 73 552 A
102 511 227 552 Serdis
251 509 326 548 istis
357 516 534 548 vocatam
562 505 785 556 regionem,
812 520 927 556 quam
952 507 1147 547 Serdicam
1178 508 1213 546 δι
1233 506 1321 545 Sar-

41 574 196 622 dicam,
220 572 388 611 variante
413 569 618 620 scriptura,
640 567 834 607 celebrant
857 568 1043 616 historiae·,
1065 581 1134 618 pro
1146 567 1322 617 Merdis,

43 636 148 686 quod
185 634 313 674 nescio
351 646 400 672 an
437 630 597 681 usquam
632 638 812 681 praeterea
846 639 1020 668 occurrat
1063 628 1322 677 vocabulum,

40 697 192 738 Maedos
220 693 433 744 intelligere
467 691 624 738 malim,
663 691 808 730 vicinos
841 689 1105 740 Dentheletis,
1132 693 1168 731 ὃ(
1192 704 1213 730 a
1240 692 1324 731 Ser.

42 759 103 797 dis
128 757 286 797 flumine
313 764 464 794 tantum
485 752 600 793 Neffo
628 752 830 803 separatos.

97 825 144 866 ΙΙ.
166 825 346 865 Ceterum
371 822 540 872 subjecta
563 834 721 872 quaeque
742 820 968 872 populando
983 851 995 870 ,
1022 832 1112 860 cum
1134 820 1182 859 ad
1198 820 1324 871 Odry-

41 886 99 926 sas
127 885 272 927 Crassus
308 884 562 935 penetraffet‚
593 884 651 923 his
680 886 719 924 in
755 885 858 934 pacis
895 884 1063 934 speciem
1092 883 1323 922 occurrenti-

44 948 114 986 bus
136 948 316 997 pepercit.
342 947 478 985 Bacclzc'
493 947 535 1000 ft
560 945 703 984 clientes
727 945 1010 992 asseverabant,
1039 959 1143 997 neque
1157 944 1322 995 dignum,

41 1012 85 1049 ab
109 1010 184 1061 ejus
205 1010 421 1062 imperatoris
445 1009 596 1048 exercitu
616 1008 741 1060 sacras
765 1022 873 1047 terras
899 1008 1031 1061 vastari
1046 1036 1058 1055 ‚
1087 1006 1189 1059 cujus
1218 1005 1322 1056 irnpe-

40 1074 84 1111 rii
98 1074 350 1125 praedic‘lionem
373 1074 431 1111 AM·
452 1072 597 1112 Οὲἶανὶο
617 1073 657 1110 de
675 1073 758 1122 filio
780 1072 968 1125 consulenti
986 1071 1228 1123 exhihuiſjknt.
1253 1069 1322 1106 Ri-

40 1148 79 1172 tu
104 1135 192 1173 enim
217 1134 283 1172 loci
303 1135 423 1173 vinum
445 1135 517 1172 aris
542 1130 719 1186 injizfizm,
734 1135 897 1187 figet-rato
920 1136 1005 1173 aedis
1029 1134 1173 1174 culmine
1194 1134 1232 1170 in
1257 1147 1321 1170 coe-

40 1197 110 1234 lum
122 1194 272 1246 emicaffi
287 1188 451 1245 laekiffi'nza
459 1196 627 1246 flamma:
651 1198 746 1248 quod
755 1197 916 1248 ostentum
932 1197 1059 1235 nemini
1071 1197 1150 1249 postx
1158 1195 1322 1234 Alexan-

40 1259 136 1296 dmm
167 1259 341 1308 Magnum
371 1256 504 1308 flu‘lum
531 1257 655 1309 fizerit.
707 1257 854 1297 Lucum
890 1271 978 1297 eum
1015 1267 1099 1296 tum
1136 1257 1322 1307 temporis

43 1318 141 1359 Beffi
169 1317 428 1357 obtinebant:
459 1318 585 1368 itaque
617 1319 764 1359 Crassus
798 1319 857 1358 his
891 1321 1113 1367 ademtum,
1134 1318 1322 1369 prioribus

44 1382 254 1421 cultoribus
277 1382 452 1420 restituit.
486 1382 579 1421 Haec
611 1392 787 1432 agentem
816 1382 933 1423 Roles
963 1383 1125 1430 excivit,
1149 1382 1322 1421 cuicum

45 1444 121 1483 alio
151 1444 330 1483 Getarum
364 1442 494 1493 regulo
533 1443 722 1495 (Dapygi
754 1455 832 1483 erat
873 1446 1045 1497 nomen)
1084 1443 1229 1485 bellum
1263 1443 1319 1481 in«

41 1506 198 1544 ciderat.
237 1505 281 1544 In
311 1503 381 1543 hos
406 1505 576 1544 invec‘tus
605 1505 821 1553 Romanus,
853 1518 941 1545 cum
962 1506 1106 1555 equites
1136 1504 1262 1554 pulsos
1279 1504 1319 1543 in

41 1568 216 1617 peditum
246 1567 400 1605 ordines
423 1566 656 1617 impegissem
687 1581 764 1606 non
788 1568 966 1617 proelium
997 1567 1118 1616 ultra,
1147 1567 1214 1606 sed
1245 1579 1320 1606 cae-

44 1630 111 1668 des
133 1629 371 1668 turbatorum
403 1637 516 1679 atque
546 1628 831 1680 diffugientium
860 1630 945 1670 fuit.
975 1629 1109 1680 Dapyx
1131 1629 1169 1666 in
1191 1627 1321 1667 castel-

45 1691 125 1731 lum
157 1693 348 1730 munitum
374 1691 411 1730 se
441 1691 630 1731 contulit:
673 1693 778 1742 quod
807 1705 895 1732 cum
922 1692 1111 1731 obsideret
1143 1691 1318 1737 Crassus,

48 1755 206 1805 quidam
232 1754 281 1793 de
307 1767 417 1792 muro
445 1755 572 1794 Graece
598 1753 762 1794 salutans
786 1767 874 1793 eum
890 1786 901 1803 ‚
935 1753 1171 1804 colloquium
1204 1765 1323 1803 expe-

45 1816 142 1855 tivit.
180 1828 246 1866 per
275 1815 377 1855 hunc
413 1816 554 1866 proditi
592 1816 770 1864 barbari,
795 1830 843 1855 ne
877 1817 919 1855 in
945 1829 1080 1856 manus
1106 1816 1321 1855 inciderent

45 1875 236 1926 hostium,
266 1879 409 1918 mutuis
430 1876 652 1916 vulneribus
681 1877 872 1928 semetipsi
900 1877 1164 1916 conciderunt.
1193 1877 1321 1927 Dapy-

46 1939 101 1989 gis
124 1938 258 1988 fratri,
289 1939 359 1978 nifi
388 1947 520 1990 captus
552 1939 703 1988 fuisset,
739 1953 806 1990 par
834 1952 922 1979 cum
948 1938 1028 1978 aliis
1060 1940 1182 1978 fatum
1208 1939 1323 1978 sorti-

45 2011 132 2040 turo
146 2032 157 2050 ,
174 2001 319 2041 Crassus
346 2000 505 2040 salutem
524 2002 559 2041 ἃ
582 2000 805 2040 libertatem
830 2000 1000 2041 restituit.
1020 2000 1091 2042 His
1116 2001 1170 2040 ita
1187 1999 1323 2052 gestis,

47 2066 95 2104 ad
121 2066 273 2105 Ceiram
300 2066 400 2117 figna
428 2073 616 2116 promota.
1297 2118 1302 2123 ς

102 2130 168 2172 ΙΙΙ.
202 2131 263 2172 Est
286 2134 327 2170 in
353 2132 572 2182 regionibus
600 2131 654 2170 eis
680 2130 861 2182 spelunca
888 2132 970 2179 ejus
991 2129 1263 2181 magnitudinis
1286 2129 1323 2168 &

49 2193 300 2242 munimenti,
319 2201 360 2231 ut
378 2194 520 2231 Titanes
546 2208 568 2230 a
592 2193 681 2231 Diis
706 2193 788 2230 νὶέῖἰ
813 2206 850 2230 eo
873 2192 1060 2245 conflagiffi‘
1092 2193 1323 2241 dicerentur.

49 2253 128 2292 huc
153 2266 286 2293 omnes
321 2266 412 2304 opes
440 2253 523 2293 suas
557 2254 737 2303 finitimi,
763 2256 824 2303 ὁὶ,
849 2255 955 2305 quod
981 2257 1022 2294 in
1050 2255 1108 2295 his
1132 2253 1325 2306 pretiosis-3

97 2392 119 2436 §
143 2392 169 2428 Ι.
193 2392 270 2428 Liv.
291 2393 382 2437 Epir.
406 2392 486 2429 Dio.
508 2393 597 2429 Flor.
621 2404 665 2440 3,
687 2406 719 2438 4.
743 2395 765 2439 §
791 2395 835 2431 11.
859 2395 941 2432 Dio.
967 2398 1109 2432 Sueton.
1128 2397 1162 2430 in
1187 2397 1276 2443 Aug.
1293 2403 1327 2434 'en

51 2452 109 2486 94·

1008 2499 1053 2545 O
1082 2515 1114 2559 4
