1617 2963
205 170 301 221 '104
367 161 457 208 JO.
507 158 1013 206 FREINSHEMII
1049 158 1398 223 SUPAPLEM

207 267 435 314 strabendo,
465 281 543 306 non
574 275 702 304 tamen
738 265 873 305 elicere
904 267 944 305 in
970 265 1093 305 aciem
1121 279 1188 306 eos
1220 268 1370 318 potuit,
1399 267 1492 318 quin

206 332 411 368 adventum
441 327 599 368 suorum
621 327 933 377 praestolarentur.

280 398 433 437 XXXI.
471 397 572 435 Tum
608 409 696 435 vero
731 396 886 446 propius
911 396 1086 435 admotus
1115 408 1203 435 cum
1228 403 1336 446 parte
1370 394 1492 446 legio·

206 471 298 497 num
330 458 539 502 Antonius,
573 458 687 496 etiam
725 458 935 507 equitatum
964 457 1011 496 ab
1048 467 1208 507 utroque
1239 458 1337 497 smus
1370 456 1490 496 latere

206 519 380 570 praefidio
414 518 633 559 collocavit.
665 520 806 569 Caefar‚
835 520 983 560 nullum
1010 533 1056 559 eo
1083 520 1170 560 loco
1194 520 1259 560 fibi
1286 520 1412 558 casum
1442 521 1490 560 ad

206 582 433 620 tentandam
463 581 587 631 proelii
619 582 812 621 fortunam
846 595 1002 621 cernens
1038 583 1202 632 aperiri,
1239 583 1277 621 in
1305 583 1489 622 Graeciam

208 652 322 692 atque
356 643 628 682 Macedoniam
663 653 808 695 partem
844 646 1038 695 copiarum
1064 646 1185 693 mim,
1210 653 1253 684 ut
1281 646 1491 685 Antonium

206 717 228 743 a
266 704 506 754 praesentium
547 718 669 743 rerum
708 718 798 744 cura
831 715 1037 745 revocaret.
1080 708 1127 746 At
1158 707 1321 757 Agrippa
1351 707 1492 746 Leuca.

206 767 318 816 dem,
348 769 382 806 ἃ
403 776 596 818 quotquot
621 768 674 807 ibi
693 781 808 808 naves
835 770 1175 819 erant,repentino
1202 769 1351 808 incursu
1374 769 1490 818 cepit.

205 827 303 868 Inde
331 829 454 867 Patras
471 859 482 875 ,
509 830 608 868 vieto
630 828 754 868 navali
783 841 931 879 pugna,
959 830 1023 879 qui
1052 837 1291 878 occurrerat,
1316 830 1364 879 Q
1385 831 1491 870 Nasi-

206 890 296 937 dio3
319 902 443 939 neque
466 890 530 929 diu
556 891 637 940 post
659 889 887 929 Corinthum
912 891 951 928 in
964 890 1189 939 potestatem
1213 890 1370 941 redegit.
1393 892 1488 940 Qui-

205 950 276 990 bus
308 951 442 999 rebus,
469 955 504 992 ἅ
523 954 626 1002 quod
648 966 668 992 a
694 953 749 993 M.
777 952 882 992 Titio
909 954 945 992 ἃ
968 951 1122 992 Statilio
1147 952 1275 993 Tauro
1307 953 1385 992 caefi
1413 956 1487 994 An-

199 1014 304 1051 tonii
340 1015 488 1063 equites
519 1014 696 1060 fuerant,
733 1012 916 1052 inclinare
949 1012 1154 1051 multorum
1184 1013 1301 1050 animi
1332 1013 1380 1051 ad
1408 1014 1487 1052 for-

203 1081 304 1113 tunae
331 1083 529 1113 momenta
552 1083 763 1125 coeperunt.
781 1074 1105 1125 Transfugiebant
1124 1074 1173 1112 ad
1200 1073 1382 1113 Caesarem
1396 1087 1488 1124 quo⁴²

203 1136 297 1175 tidie
331 1136 471 1186 aliqui3
507 1137 570 1176 sed
596 1139 694 1176 inter
726 1136 962 1183 notiffimos,
992 1136 1260 1187 Paphlagoniae
1289 1149 1355 1175 rex
1387 1137 1488 1176 Phil-

204 1198 394 1248 adelphus
423 1200 528 1240 Titio
556 1200 760 1250 Tauroque
796 1199 833 1238 se
860 1201 1124 1248 conjunxerat.
1163 1198 1249 1238 Plus
1279 1206 1407 1237 tamen
1433 1199 1490 1237 af„

203 1261 300 1299 fecit
324 1262 535 1301 Antonium
566 1262 633 1301 Cn.
667 1261 828 1301 Domitii
861 1261 1040 1301 transitio.
1065 1262 1129 1311 qui
1155 1260 1365 1311 Cleopatrae
1395 1262 1489 1300 invi-

202 1323 263 1362 sus
281 1354 290 1371 ,
309 1337 425 1374 quam
452 1324 552 1364 solus
580 1325 882 1364 Antonianorum
904 1335 1100 1374 nunquam
1115 1355 1124 1371 ,
1145 1324 1210 1362 nisi
1228 1324 1388 1362 nomine
1402 1353 1413 1372 ,
1434 1323 1488 1362 sa-=

201 1384 325 1424 lutare
351 1385 547 1432 voluerat,
574 1398 803 1436 quamquam
831 1385 937 1425 febre
969 1394 1186 1436 correptus,
1215 1398 1335 1437 parvo
1358 1385 1483 1425 acatio

201 1447 250 1485 ad
276 1446 459 1486 Caesarem
490 1447 654 1495 trajecit.

259 1516 435 1556 XXXII.
469 1518 655 1556 Antonius
684 1524 815 1556 tamen
843 1529 1027 1566 magnum
1055 1518 1224 1556 animum
1260 1517 1487 1567 praeferens,

203 1584 335 1614 contra
369 1575 593 1616 sententiam
627 1576 863 1628 Cleopatrae,
899 1578 1086 1627 quidquid
1125 1590 1249 1616 rerum
1292 1576 1485 1619 Domitius

201 1636 431 1686 reliquerat,
467 1639 516 1678 ad
543 1651 631 1677 eum
671 1639 821 1679 remisit.
853 1639 936 1679 Nec
968 1639 1035 1678 diu
1069 1638 1253 1689 superfuit
1284 1637 1373 1686 ille,
1407 1653 1486 1679 non

202 1706 281 1737 tam
312 1712 450 1749 opera,
488 1713 604 1750 quam
636 1701 839 1752 exemplo,
868 1701 1031 1751 praelatis
1067 1701 1233 1752 partibus
1271 1700 1388 1740 utilis,
1413 1713 1486 1740 nec

204 1762 307 1801 enim
332 1771 459 1802 tantus
491 1765 548 1802 vir
581 1764 796 1812 abjecturus
826 1766 990 1815 priorem
1021 1763 1231 1802 amicitiam
1263 1762 1395 1811 fuisse,
1417 1763 1484 1818 nist

203 1824 499 1874 desperatione,
522 1826 758 1867 credebatur.
796 1828 894 1878 Ergo
923 1825 1187 1878 frequentibus
1215 1827 1293 1874 jam
1321 1824 1486 1864 transfu-

203 1887 299 1936 giis,
326 1887 511 1927 Antonius
548 1900 652 1927 metu
684 1888 948 1935 cohibiturus‚
978 1901 1072 1939 quos
1106 1887 1373 1927 benevolentia
1402 1899 1482 1926 non

200 1946 348 1996 posset,
369 1960 458 1987 cum
482 1949 563 1988 aliis
593 1949 846 2000 quibusdam,
883 1953 1001 1989 etiam
1030 1952 1145 2000 partis
1176 1949 1317 1988 Arabiae
1354 1961 1484 1998 regem

202 2006 463 2054 Jamblichum
490 2011 727 2049 excruciatos
754 2011 899 2049 occidit
927 2024 936 2050 :
972 2012 1007 2050 ἃ
1030 2010 1077 2059 Q.
1104 2010 1313 2050 Postumius
1335 2008 1483 2048 senator

205 2066 303 2116 jussu
335 2069 572 2118 imperatoris
594 2070 771 2110 manibus
797 2072 1038 2122 quorundam
1069 2070 1280 2121 discerptus
1302 2071 1364 2110 est.
1387 2070 1486 2110 Inde

205 2130 256 2177 Q.
285 2128 411 2168 Dellio
441 2132 477 2170 δι
507 2132 680 2182 Amyntae
715 2134 794 2183 regi
824 2133 987 2180 timens,
1020 2144 1114 2182 quos
1146 2132 1184 2170 in
1213 2131 1419 2172 Thraciam
1446 2134 1483 2172 δε

204 2188 479 2229 Macedoniam
511 2191 558 2229 ad
597 2193 870 2233 conducendos
904 2194 1081 2232 mercede
1126 2192 1264 2232 milites
1305 2193 1481 2241 miserat,

202 2260 250 2288 an
274 2248 440 2299 ipsorum
461 2264 614 2302 quoque
644 2253 845 2303 perfidiam
876 2255 1038 2301 veritus,
1067 2253 1146 2304 ipse
1173 2254 1301 2293 statuit
1326 2266 1372 2293 eo
1393 2266 1481 2304 pro«

203 2442 218 2470 z*
238 2392 267 2449 ,ς
292 2393 398 2471 Χκξς.
425 2394 532 2476 εἶξαι).
549 2394 704 2440 Thucyd.
730 2408 742 2429 ι
759 2422 769 2436 ,
793 2396 825 2430 6.
849 2396 928 2432 oio.
953 2396 1106 2438 frona,
1121 2406 1173 2430 ιι.
1197 2395 1221 2441 ς
1243 2384 1369 2430 xxxi.
1394 2394 1477 2429 Vei-

202 2455 259 2487 -eJ.
281 2455 299 2476 2
320 2471 329 2485 ,
350 2446 404 2487 84,
465 2446 511 2479 io.

1580 13 1584 70 l

1581 77 1584 140 l

1583 142 1586 232 l

1584 305 1588 344 ι
