1617 2963
248 132 340 181 218
406 134 501 181 JO.
548 132 1057 182 FREINSHEMII
1095 135 1463 190 SUPPLEM.·

243 236 349 286 quod
380 235 590 275 multorum
624 234 810 287 suffragiis
838 238 993 278 adactus
1017 239 1066 278 ad
1092 247 1262 281 extrema
1292 242 1434 290 fuerat‚
1462 247 1526 294 qui

244 297 496 347 prosperitate
536 310 673 348 magna
708 298 817 339 usum
856 300 1067 340 adulationi
1102 304 1343 353 propioribus
1389 306 1526 346 officiis

242 358 417 408 impense
443 358 652 398 coluerant.
687 368 726 400 at
757 360 841 410 illi,
867 362 1029 414 Largum
1064 364 1238 405 videntes
1266 366 1453 414 crescere,
1476 369 1549 408 ad*

244 418 351 456 huuc
378 417 417 457 se
442 420 732 471 transtulerunt,
763 423 927 462 eundem
948 424 1056 464 illum
1072 454 1083 474 ,
1104 425 1129 464 fi
1161 428 1314 477 quando
1336 428 1448 468 ferret
1463 442 1528 468 oc-

245 480 366 528 casio,
394 480 498 520 haud
524 481 676 534 segnius
704 486 1009 526 condemnaturi.
1032 491 1081 527 At
1105 489 1208 539 apud
1238 489 1528 542 ali0s‚pr0pter

244 543 414 581 amicum
442 542 636 592 eversum,
671 552 776 585 tanta
803 546 877 586 esse
908 549 948 586 in
975 549 1120 588 invidia
1154 550 1296 601 Largus
1330 562 1523 602 coeperat,

242 610 286 640 ut
319 603 355 641 C.
379 603 627 656 Proculejum‚
665 604 818 646 Caesaris
853 609 1020 649 amicitia
1053 620 1190 650 notum
1228 614 1421 662 equitem,
1450 628 1527 651 cum

232 665 330 717 ἑῙὸνιε
355 668 477 720 fhft‘us
504 667 535 706 ei
563 668 642 721 effit
661 671 823 719 obviam,
859 686 965 710 manu
985 687 1023 711 os
1048 687 1149 728 atque
1174 678 1295 728 nasum
1317 675 1530 728 compreffiſj}

242 727 415 777 dicatur3
445 729 544 780 quafi
577 731 781 779 indicans,
815 731 880 772 tali
903 733 1083 783 praesente
1117 737 1309 784 delatore,
1338 750 1385 776 ne
1408 737 1525 787 respi-

238 802 323 830 rare
355 791 512 842 quidem
544 800 627 832 tuto
658 807 890 844 quemquam
925 796 1041 846 poffe.
1075 798 1207 848 Alius,
1234 800 1388 840 testibus
1415 800 1523 838 adhi-

241 852 351 901 bitis,
377 853 540 904 Largum
579 855 845 904 interrogavit,
877 871 925 895 an
954 857 994 909 se
1030 860 1269 912 cognosceret?
1296 864 1331 901 Sc
1359 870 1526 911 negante

237 913 329 961 illo,
350 927 430 954 rem
452 916 683 966 consignavit
706 917 745 955 in
773 917 937 968 tabulis,
957 921 1056 969 quasi
1086 920 1206 960 homo
1236 923 1432 973 improbus
1465 936 1526 963 ca-

235 974 414 1015 lumniari
440 975 502 1015 vel
530 976 703 1026 ignotum
732 979 918 1028 nequiret.
953 981 1036 1033 cafic
1067 983 1220 1021 Cornelii
1250 985 1411 1037 cognito,
1438 985 1525 1024 lau-

238 1037 357 1075 datam
391 1039 526 1089 quidem
552 1040 596 1076 ab
626 1041 783 1092 Augusto
810 1041 958 1079 Patrum
988 1045 1152 1095 pietatem
1179 1044 1327 1093 ferunt,
1348 1058 1524 1100 tantopere

232 1113 296 1150 pro
320 1101 360 1152 se
387 1100 670 1152 indignantium,
696 1102 761 1142 sed
790 1105 826 1143 S:
854 1104 1075 1158 illacrimaffi
1112 1121 1208 1155 eum,
1242 1109 1415 1161 nobtlique
1439 1123 1523 1148 voce

237 1163 406 1213 questum,
427 1162 497 1212 fibi
510 1163 582 1214 soli
608 1177 676 1201 non
701 1164 798 1203 licere
824 1166 971 1217 amicis,
999 1179 1172 1219 quatenus
1196 1169 1322 1218 vellet,
1350 1171 1466 1222 irasci.
1516 1177 1519 1179 ’

293 1231 374 1271 VII.
407 1231 575 1273 Tantum
602 1233 822 1283 exemplum
855 1234 947 1273 nihil
976 1235 1032 1275 m.
1058 1236 1262 1286 Egnatium
1287 1238 1428 1278 Rufum
1457 1240 1523 1279 de-

239 1295 395 1341 terruit,
412 1295 532 1347 (adeo
555 1295 682 1345 plures
706 1296 868 1335 aliorum
895 1298 1178 1347 improbitatem
1200 1300 1390 1349 (aemulari,
1406 1315 1521 1352 quam

237 1357 355 1396 vereri
383 1371 540 1408 poenam
555 1385 567 1406 ,
585 1359 829 1408 didicerunt)
848 1372 924 1410 quo
951 1361 1077 1400 minus
1101 1363 1149 1401 ad
1172 1362 1331 1401 similem
1353 1364 1521 1404 furorem

237 1419 511 1468 prolaberetur.
548 1421 686 1461 AEdilis
718 1435 839 1473 nuper
869 1425 903 1462 δι
925 1423 998 1462 alia
1021 1436 1100 1462 non
1130 1424 1259 1475 inepte
1285 1426 1451 1474 fecerat,
1484 1429 1521 1467 &

238 1480 376 1520 oborto
404 1481 503 1520 forte
519 1483 703 1522 incendio
718 1514 728 1530 ‚
746 1496 812 1533 per
832 1482 981 1523 servitia
1003 1484 1066 1524 sua
1088 1487 1390 1541 &mercenarios
1405 1502 1522 1538 opem

238 1540 376 1581 tulerat
408 1542 684 1583 laborantibus,
711 1544 774 1584 Ob
805 1545 871 1584 ista
903 1545 1037 1596 populi
1063 1546 1161 1595 juffu
1189 1550 1355 1597 pecunia
1383 1563 1429 1589 ex
1453 1564 1521 1601 pu-

239 1602 342 1642 blico
387 1604 504 1652 data,
535 1605 732 1656 saciusque
777 1615 912 1657 praeter
946 1606 1049 1657 leges
1090 1608 1215 1647 statim
1252 1623 1298 1649 ex
1341 1610 1521 1652 aedilitate

240 1674 398 1715 praetor‚
428 1669 468 1706 in
503 1676 653 1707 tantum
685 1668 752 1707 fibi
784 1669 954 1720 placuit,
980 1679 1021 1709 ut
1057 1672 1265 1722 Augustum
1301 1682 1522 1713 contemne·

239 1739 323 1768 ret:
351 1731 554 1780 edidtoque
590 1733 782 1782 proposito
799 1764 809 1781 ‚
833 1734 903 1785 sua
924 1749 1025 1787 opera
1045 1737 1186 1787 salvam
1216 1737 1447 1788 integramque
1465 1753 1519 1775 ur-

237 1792 311 1827 bem
324 1793 576 1846 succqffiaribus
599 1795 714 1842 tradi,
735 1794 967 1844 gloriaretur.
1000 1797 1070 1836 His
1099 1782 1332 1847 quamq‘uam
1355 1799 1520 1840 offensus

239 1863 328 1890 cum
361 1852 592 1893 nobilissimo
619 1868 771 1905 quoque
797 1856 948 1895 Parrum
981 1857 1189 1908 Augustus,
1217 1857 1303 1897 satis
1331 1863 1520 1900 tamenin

236 1912 434 1961 praesentia
470 1914 604 1954 habuit
650 1916 826 1954 aedilibus
863 1918 1062 1967 injungere
1086 1948 1096 1965 ,
1131 1920 1251 1957 darent
1285 1934 1447 1972 operam,
1476 1937 1518 1959 ne

240 1988 308 2025 qua
330 1974 491 2013 incendia
521 1979 736 2030 exfisterent‚
765 1991 853 2026 aut,
887 1995 898 2016 ι
924 1979 1145 2031 exstitiffbnt,
1168 1982 1203 2018 in
1229 1992 1373 2034 tempore
1401 1983 1517 2035 restin-

234 2047 423 2084 guercnlllf.

295 2104 397 2144 VIII.
427 2106 575 2146 Eodem
617 2120 716 2146 anno
749 2109 856 2150 Ponti
894 2123 958 2149 rex
991 2110 1171 2160 Polemo,
1196 2112 1292 2150 inter
1324 2110 1446 2150 socios
1473 2124 1518 2151 ac

240 2165 448 2206 foederatos
486 2168 616 2219 populi
655 2170 822 2210 Romani
862 2172 1091 2222 adscriptus,
1122 2174 1162 2212 in
1190 2173 1363 2213 universo
1399 2184 1517 2224 regno

240 2226 306 2266 suo
330 2230 443 2282 prima
471 2230 507 2269 in
533 2233 678 2269 theatris
708 2234 786 2271 loca
817 2234 1036 2285 stenaforibus
1070 2237 1241 2275 Romanis
1271 2237 1349 2275 dari
1378 2249 1518 2286 praece-

242 2291 311 2339 pit.
356 2291 399 2331 Et
435 2291 569 2331 Romae
594 2293 680 2333 Sex.
715 2294 895 2344 Apulejus
931 2291 1014 2336 Sex‘.
1044 2296 1085 2335 F.
1113 2297 1199 2337 Sex.
1231 2298 1278 2337 N.
1302 2297 1447 2347 procos.
1471 2309 1517 2336 ex

293 2424 316 2468 §
341 2425 403 2459 VI.
428 2424 510 2460 Dio.
533 2425 618 2459 Plin.
645 2427 683 2471 36
702 2454 709 2464 ,,
733 2438 784 2469 :42
813 2429 836 2473 5
861 2429 938 2466 vn.
966 2430 1108 2466 Sueton.
1132 2430 1212 2467 Dio,
1236 2429 1360 2475 Vellej.
1382 2439 1422 2471 2,
1443 2438 1499 2469 91.
