1617 2963
268 218 364 281 ’250
430 216 520 265 10.
575 211 1072 262 FREINSHEMH
1109 214 1468 266 SUPPLEM:

266 323 394 376 plures
424 323 544 362 multo
567 330 892 374 expungeret-itur,
919 334 1032 373 quam
1060 331 1269 363 manerent.
1303 325 1368 364 Sic
1387 337 1540 376 quoque

267 386 390 423 caveri
426 398 503 424 non
537 387 688 436 potuit,
719 386 810 434 quin
833 385 959 435 aliqua
988 398 1122 435 parum
1149 388 1357 427 commode
1393 388 1536 427 fierent.

263 446 458 495 Livinejus
488 457 588 486 certe
616 446 808 501 Regulus,
838 446 942 486 scissa
968 450 1008 486 in
1036 447 1166 487 senatu
1199 449 1324 497 veste,
1347 450 1545 489 cicatrices

264 509 476 557 ostentans,
501 511 536 548 δε
557 509 743 560 stipendia
772 509 837 548 sua
873 521 1066 560 exponens
1082 540 1094 558 ‚
1120 523 1258 559 magna
1286 522 1377 549 cum
1399 511 1544 550 invidia

266 571 417 621 questus
447 572 524 618 est,
545 573 586 624 se
604 572 731 610 moveri
748 573 898 624 senatu,
920 586 993 610 cum
1009 572 1114 622 filius
1127 574 1218 625 suus
1245 574 1280 613 6·
1306 574 1398 621 alii,
1419 574 1543 625 quibus

256 632 296 685 se
319 636 472 688 praestare
495 649 564 672 non
582 635 789 681 dubitabat,
814 635 1022 686 allegantur.

318 694 516 734 XXXIX.
549 695 594 734 At
622 693 896 743 Aurunculejus
926 695 1045 734 Paetus
1076 696 1229 734 veniam
1268 697 1418 734 exeundi
1447 697 1541 734 ordi-

262 755 319 794 nis
336 786 348 803 ,
373 757 546 808 'locumque
568 757 671 807 ficum
695 757 789 809 patri
804 785 814 803 ,
838 758 902 806 qui
932 758 1222 805 removebatur,
1250 758 1382 796 oravit.
1406 757 1543 807 ltaque

263 816 484 867 diligentius
522 817 696 867 inspee‘lae
731 816 819 855 sunt
852 817 1013 865 tabulae3
1049 818 1236 868 motisque
1268 819 1404 857 iterum
1435 818 1540 868 aliis,

262 877 327 917 alii
349 878 549 917 substituti.
578 878 678 918 Tum
705 878 817 916 etiam
833 908 844 925 ,
860 879 946 927 quia
967 878 1142 917 nonnulli
1160 878 1275 917 causis
1300 892 1379 917 non
1405 880 1544 928 improa

262 937 457 978 habilibus
479 939 617 987 injuria
648 938 685 977 se
709 950 876 977 remotos
905 938 1182 988 querebantur,
1210 939 1339 979 locum
1363 940 1420 978 his
1445 941 1542 979 inter

261 1001 456 1042 senatores
486 1002 586 1041 ludis
609 1002 803 1052 epulisque
828 1003 865 1040 in
885 1002 982 1041 veste
1008 1002 1216 1051 senatoria,
1245 1006 1279 1043 &
1297 1005 1545 1054 recuperandi

262 1065 410 1104 ordinis
447 1064 558 1103 causa
596 1063 761 1104 honores
800 1074 928 1115 petere
959 1064 1140 1104 conceffit
1183 1065 1315 1104 Caesar.
1345 1064 1396 1103 ita
1430 1065 1541 1115 pleri-

261 1140 336 1176 que
361 1125 499 1165 horum
524 1126 664 1165 iterum
689 1127 728 1164 in
761 1126 934 1165 senatum
964 1125 1117 1167 allecti:
1149 1127 1264 1166 ceteri
1292 1127 1422 1166 medio
1447 1140 1542 1177 quo.s

264 1188 353 1227 dam
393 1187 493 1226 inter
538 1186 724 1238 populum
766 1187 964 1238 patresque
1003 1187 1090 1227 loco
1131 1196 1281 1227 aetatem
1321 1200 1538 1238 exegerunt.

260 1248 351 1288 Erat
387 1250 548 1287 omnino
585 1261 629 1288 ea
662 1261 741 1297 res,
772 1262 854 1300 quae
878 1248 1086 1288 multorum
1122 1250 1269 1289 animos
1302 1249 1351 1288 ad
1380 1249 1541 1298 cujusli-

259 1308 329 1349 bet
362 1309 540 1347 facinoris
574 1309 778 1348 audaciam
816 1308 1063 1358 exasperaret.
1117 1320 1164 1346 eo
1199 1310 1386 1358 promtius
1420 1308 1540 1346 medi-

257 1377 339 1411 tum
355 1402 364 1417 ,
386 1371 590 1420 Augustum
617 1375 652 1412 &
669 1373 875 1422 Agrippam
900 1371 1044 1410 infidiis
1070 1371 1146 1421 peti
1166 1401 1176 1417 ,
1203 1370 1458 1421 arguentibus.
1482 1371 1541 1407 in.

253 1433 480 1483 terfeetique
508 1433 595 1472 sunt
623 1435 821 1482 nonnulli,
859 1447 1022 1484 quorum
1054 1436 1090 1474 &
1119 1433 1173 1474 Μ.
1206 1434 1383 1484 Egnatius
1415 1433 1537 1472 Rufus

255 1495 359 1542 fuit,
386 1496 495 1543 cujus
529 1495 577 1533 de
601 1495 769 1534 vanitate
805 1495 914 1544 supra
943 1496 1188 1535 narravimus.

313 1557 396 1598 XL.
423 1557 644 1597 Exciverant
673 1557 755 1597 haec
782 1557 950 1608 pericula
975 1569 1104 1597 curam
1135 1557 1306 1596 senatus:
1338 1556 1534 1605 multaque

254 1618 429 1671 prolata,
467 1633 550 1669 quae
573 1621 621 1659 ad
656 1620 810 1659 salutem
838 1620 993 1671 Augusti
1031 1619 1305 1670 protegendam
1337 1618 1529 1667 provideri

256 1692 354 1732 opus
388 1679 491 1719 esset.
532 1680 637 1719 Inter
673 1693 756 1730 quae
790 1693 877 1720 cum
910 1681 1008 1720 forte
1040 1682 1267 1729 jactaretur,
1302 1679 1469 1718 excubias
1504 1681 1537 1717 ei

254 1743 510 1795 constituendas
542 1743 713 1789 Parrum,
743 1756 830 1794 quas
864 1743 933 1795 sua
966 1742 1107 1794 quiſsque
1132 1742 1206 1779 vice
1243 1741 1400 1787 obirent,
1430 1740 1538 1779 Antio

255 1805 345 1844 stius
378 1805 531 1852 Labeo,
569 1818 648 1843 non
672 1806 792 1855 magis
828 1805 1035 1844 studiorum
1059 1804 1307 1852 claritudine,
1341 1816 1455 1853 quam
1480 1803 1537 1841 in-

258 1875 439 1919 corrupta
465 1866 639 1905 libertate
665 1866 875 1906 celebratus
890 1897 900 1914 ‚
929 1865 966 1904 se
990 1866 1123 1918 quidem
1136 1866 1436 1918 sbmnolentiorem
1457 1865 1533 1916 effi,

258 1928 379 1974 dixit,
403 1928 437 1966 δ’
464 1929 513 1965 ad
525 1928 690 1966 excubias
715 1929 868 1980 agendas
890 1928 1050 1978 ineptum.
1082 1927 1156 1966 Sed
1177 1926 1384 1974 AugustUS,
1416 1926 1536 1975 gravi-

257 1998 317 2028 ter
339 2000 476 2039 urgens
504 1994 651 2038 coepta,
676 1988 891 2026 coercendo
919 1988 1066 2026 ambitu
1094 1987 1241 2034 sanxit,
1266 2000 1325 2033 ut,
1348 1986 1408 2038 qui
1432 1999 1535 2037 pecu-

257 2052 352 2090 niam
378 2049 598 2102 magistratus
631 2049 846 2102 adipiscendi
885 2049 987 2101 caufiz
1023 2047 1184 2099 dedzffiet,
1215 2046 1432 2100 promififfic,
1458 2045 1533 2096 ejus

254 2112 472 2164 magistratus
497 2112 661 2164 petitione
695 2112 731 2149 irz
753 2111 1023 2163 quinquennium
1046 2122 1223 2148 arceretur.
1263 2109 1403 2155 Maiori
1436 2121 1527 2147 cura

257 2175 510 2223 ingenuorum
540 2173 681 2211 civium
710 2172 884 2221 augendo
914 2183 1075 2210 nurnero
1100 2170 1267 2216 studuit,
1298 2170 1461 2219 praemiis
1490 2169 1531 2207 in

259 2236 415 2275 maritos
436 2238 470 2276 ἃ
497 2243 621 2285 patres
642 2235 811 2274 adauctis
825 2264 835 2281 ‚
867 2236 901 2274 ἃ
921 2233 1130 2283 majoribus
1154 2232 1276 2283 poenis
1298 2240 1435 2271 vexato
1458 2243 1530 2270 caee¹

257 2297 406 2345 libatu;
427 2296 620 2348 postquam
644 2298 812 2347 priorum
832 2295 962 2347 legum
986 2295 1198 2334 sanctiones
1220 2293 1501 2344 spernebantur.

315 2359 417 2400 XLI.
450 2359 496 2399 Et
523 2359 678 2408 quando
710 2358 838 2409 plures
863 2357 1086 2397 mulieri-bus
1113 2367 1235 2395 mares
1261 2362 1390 2403 erant,
1414 2355 1534 2392 etiam

303 2479 325 2521 §
340 2480 499 2512 XXXIX.
534 2480 674 2512 Sueton.
693 2480 727 2511 in
752 2479 838 2522 Aug.
862 2491 891 2513 c.
915 2488 968 2524 35.
996 2477 1078 2511 Dio.
1100 2476 1121 2523 §
1144 2476 1216 2512 XL.
1238 2473 1361 2519 Vellei.
1393 2483 1412 2508 2
1427 2481 1522 2516 ,9h

262 2522 402 2558 Sueton.
426 2525 460 2557 in
480 2524 568 2569 Aug.
591 2535 622 2559 c.
652 2533 700 2566 ¹9·
722 2523 833 2558 Tacit.
