1617 2963
225 191 307 240 IN
355 189 517 237 Loc,
559 190 699 236 Lm.
751 189 878 236 CXL
919 188 1066 238 mv,-
1229 188 1325 253 287*

47 301 226 342 diderunt
251 313 261 340 ε
297 296 517 339 Artavasdes
550 296 590 333 in
614 297 811 344 Armenia,
837 298 873 337 δι
889 296 990 345 Juba
1016 297 1056 336 in
1083 296 1327 338 mauritanias

96 362 184 403 Xll.
215 362 299 399 Hoc
333 372 477 411 tempore
504 356 633 397 ferunt
667 358 710 395 ab
734 348 892 411 Augusto
921 360 1163 411 constitutum,
1189 374 1230 397 ne
1261 360 1324 411 fi·

40 435 148 462 natus
169 422 340 475 legitimus
362 419 446 472 plus
461 447 474 466 ‚
496 431 598 469 quam
628 416 684 454 his
708 430 789 468 quot
817 420 985 468 mensibus
1007 421 1211 468 haberetur,
1232 421 1327 459 Ka-

39 482 155 522 lendis
177 482 212 520 &
233 482 321 520 [dih.
351 492 390 518 ut
412 492 527 518 tamen
557 478 642 516 Idus
670 478 839 525 Martia,
860 491 1002 530 propter
1024 495 1133 518 necem
1159 482 1324 534 Caefim's„

36 560 100 600 pro
138 544 317 583 damnatis
356 544 390 582 δ’
424 542 514 580 atris
550 541 794 591 exciperentur.
832 541 1046 581 Numerum
1083 542 1325 595 senatorum,

41 607 142 646 intra
172 617 290 656 quem
321 600 641 642 senatusconsulta
673 599 752 638 fieri
790 613 869 639 non
909 602 1081 651 pollent,
1106 617 1176 653 pro
1204 607 1326 646 modo

39 670 286 720 negotiorum
316 667 423 706 finiit.
463 660 622 704 mulctas
653 663 728 703 line
758 664 854 713 justa
890 663 999 702 causa
1034 666 1246 707 absentium
1271 668 1328 707 in-

38 731 175 771 tendit.
207 732 241 770 ἃ
279 730 369 779 quia
404 727 499 777 saepe
528 725 733 765 multitudo
775 724 1080 775 delmquentium
1119 728 1328 778 impunita·

38 802 118 833 tem
146 790 365 842 hujusmodi
402 789 524 839 culpis
554 794 775 839 pepererat;
807 790 956 838 quoties
989 787 1064 828 hoc
1093 790 1320 841 contigisset,

39 848 217 906 quintum
259 865 454 904 quemque
494 851 593 890 sorte
624 851 782 889 ductum
819 850 995 890 mulctari
1024 851 1159 892 voluit.
1198 854 1327 903 thue

36 917 225 968 promtius
266 914 481 954 absentium
522 912 617 951 ratio
654 913 841 960 iniretur3
877 911 1038 961 album,
1075 914 1111 951 in
1151 927 1225 964 quo
1259 916 1323 953 se-

34 979 183 1019 natoria
221 978 370 1027 semper
407 984 588 1017 annotata
624 984 731 1015 erant
766 976 949 1024 nomina⁷
991 976 1147 1027 publice
1181 991 1323 1027 propo-

33 1042 119 1081 suit.
148 1041 266 1091 Quod
293 1041 316 1079 st
351 1040 450 1079 forte
481 1041 530 1080 ad
566 1051 768 1078 numerum
807 1037 998 1078 senatores
1032 1053 1110 1078 non
1139 1039 1324 1089 fuissent,

38 1105 244 1144 auctoritas
282 1101 596 1152 perscribebatur.
642 1101 745 1151 quod
780 1100 883 1139 idem
918 1101 1140 1147 obtinebat,
1174 1105 1326 1152 quoties

36 1165 128 1204 loco
163 1172 230 1202 aut
263 1170 438 1212 tempore
474 1161 621 1209 alieno,
651 1169 717 1201 aut
754 1161 845 1200 alias
882 1175 961 1200 non
996 1161 1167 1212 legitimo
1195 1165 1324 1204 edicto

34 1227 161 1268 Patres
195 1225 366 1265 celeriter
399 1224 517 1264 effent
554 1223 732 1274 evocati,
769 1232 833 1264 aut
869 1236 958 1264 cum
992 1226 1164 1265 tribunus
1197 1226 1323 1278 plebis

35 1287 306 1327 interceffiffet.

111 1351 222 1391 XIII.
254 1351 350 1390 Haec
387 1349 590 1390 auctoritas
625 1349 768 1406 ¹deinde
799 1350 1010 1391 secundum
1047 1350 1150 1403 leges
1187 1352 1328 1393 mores-

38 1424 114 1462 que
143 1411 218 1450 alio
259 1410 391 1450 senatu
429 1411 679 1459 confirmata,
715 1425 859 1452 nomen
896 1414 1053 1463 vimque
1082 1414 1324 1454 senatuscono

36 1473 124 1513 sulti
156 1473 383 1523 accipiebat.
416 1473 641 1513 Praetoribus
676 1473 776 1512 inter
802 1474 884 1513 haec
921 1476 1193 1525 querentibus,
1228 1479 1323 1515 dete-

34 1534 122 1572 riore
148 1536 188 1586 fi·
219 1535 294 1572 loco
321 1534 530 1586 effi5quam
564 1534 725 1572 minorem
756 1536 989 1588 magistratum
1022 1538 1179 1575 tribunos
1195 1553 1211 1585 ;
1239 1539 1322 1577 Au·-

37 1597 163 1647 gustus
197 1597 394 1644 decrevit,
421 1597 475 1634 uti
506 1596 709 1648 praetoribus
735 1596 801 1648 jus
831 1597 908 1650 effic
939 1600 1090 1636 dicendae
1121 1599 1159 1636 in
1194 1600 1320 1650 senatu

29 1658 220 1712 fintentiae.
255 1658 348 1698 Haec
385 1660 420 1697 6<
460 1657 531 1697 alia
562 1670 643 1696 non
666 1665 848 1708 tanquam
881 1661 1072 1709 imperans
1113 1663 1149 1700 &
1176 1673 1320 1712 cogens

35 1719 317 1768 constituebat,
342 1719 405 1758 sed
432 1720 470 1758 in
494 1718 633 1758 tabulis
668 1720 873 1771 perscripta
912 1722 984 1772 legi
1022 1723 1165 1761 finebat
1191 1723 1238 1762 ab
1264 1723 1319 1761 in„

35 1782 299 1832 gredientibus
323 1782 490 1830 curiam3
517 1782 702 1832 potestate
724 1783 822 1822 faeta
847 1784 1058 1833 monendi,
1081 1785 1106 1823 fi
1133 1785 1224 1834 quid
1240 1797 1321 1823 me-

35 1845 108 1886 lius
140 1845 378 1885 invenissent.
411 1846 494 1885 Nec
517 1845 555 1883 in
591 1844 720 1883 senatu
749 1852 899 1884 tantum
929 1847 964 1884 ἃ
991 1846 1167 1885 adversus
1202 1847 1323 1886 nobi-

33 1908 90 1948 les
111 1909 324 1956 modestus‚
351 1921 400 1946 ne
419 1906 620 1947 clientibus
648 1908 805 1957 quidem
830 1908 971 1947 tristem
998 1908 1073 1947 sese
1099 1917 1165 1948 aut
1189 1909 1324 1960 super-v

35 1971 208 2011 ciliosum
247 1971 467 2012 exhibebat.
508 1972 696 2011 Evocatus
725 1972 922 2021 quondam
948 1974 1030 2022 ejus
1056 1972 1237 2013 scutarius
1261 1975 1320 2013 in-

34 2035 216 2084 juriarum
259 2033 470 2085 postulatus
505 2042 711 2085 patronum
748 2035 957 2084 Augustum
1000 2035 1245 2075 defiderabat.
1280 2037 1318 2076 [s

33 2109 124 2136 cum
146 2097 235 2135 effet
257 2098 480 2146 occupatior
496 2128 508 2146 ‚
531 2096 727 2147 quendam
754 2109 800 2135 ex
829 2096 989 2136 cohorte
1011 2098 1224 2136 amicorum
1253 2099 1319 2137 de.

33 2159 104 2198 dit.
136 2166 219 2196 tum
246 2159 299 2196 ira
329 2166 525 2208 correptus
555 2157 749 2208 litigator,
785 2158 912 2210 atqui,
936 2159 1081 2208 inquit,
1115 2161 1249 2211 quoties
1276 2171 1316 2196 ιιι

33 2217 173 2256 auxilio
202 2217 354 2255 habebas
390 2231 503 2269 opus,
527 2232 588 2271 ego
611 2219 700 2256 locis
724 2219 880 2256 omnibus
914 2217 1000 2270 affici
1016 2248 1027 2268 ,
1054 2233 1225 2273 meumque
1246 2233 1318 2268 σοῖο,

25 2292 98 2333 pus
124 2293 190 2331 pro
222 2290 285 2317 tua
313 2278 555 2317 incolumitate
574 2279 740 2331 periculis
769 2279 890 2331 object'.

79 2403 102 2447 5
132 2403 191 2436 xl.
215 2401 352 2445 Ioseph.
368 2403 408 2437 de
430 2404 466 2437 B.
489 2402 566 2437 Jud.
594 2414 604 2434 ι
622 2428 631 2443 ,
655 2403 703 2437 16.
723 2403 864 2437 Sueton.
891 2404 925 2438 in
946 2406 1034 2450 Aug.
1059 2417 1087 2437 e.
1111 2404 1164 2437 6«.
1192 2405 1213 2447 5
1240 2404 1321 2441 xm

35 2446 123 2481 prm.
149 2450 241 2490 6,-3.
269 2449 410 2490 Eutrop.
428 2449 510 2484 Dio.
534 2449 679 2484 Sueton.
698 2449 733 2482 in
754 2450 842 2495 Aug.
865 2461 896 2485 c.
922 2460 978 2494 34.
1011 2451 1033 2495 5
1059 2449 1150 2483 XIII.
1175 2450 1319 2486 Sueton.

37 2493 73 2527 'm
94 2495 182 2538 Aug.
204 2504 233 2529 c.
259 2494 312 2536 56,
335 2492 418 2528 Dio.
